2926 4888
522 371 609 384 ...-
653 336 692 400 85
737 371 824 384 -..
1048 339 1121 390 ran.
1136 341 1212 402 uno

87 525 317 588 ammittere.
363 525 495 590 Domino
517 526 618 588 occiso
640 525 680 587 de
702 545 740 588 ea
762 525 879 589 familia
899 530 1043 608 quaestio
1065 528 1213 593 habenda

126 620 190 689 est,
210 629 293 691 quae
316 612 401 674 intra
422 622 542 674 tectum
564 612 678 688 luerit,
709 613 763 674 uel
783 621 867 676 certe
889 624 979 674 extra
999 623 1117 676 tectum
1137 635 1211 679 oum

87 698 106 755 l
127 696 257 758 domino
273 715 309 758 eo
330 707 472 776 tempore
486 716 548 778 quo
562 697 774 760 occidebatur.
821 698 881 770 Qui
897 700 1018 761 occisus
1032 698 1166 779 dieitur,
1183 703 1210 764 si

127 790 251 846 constet
272 801 346 847 eum
368 783 430 846 sibi
453 803 579 865 quoquo
603 783 693 846 modo
716 802 829 846 manus
844 783 1004 863 intulisse,
1030 785 1070 848 de
1092 784 1211 850 familia

126 869 198 932 eius
212 871 356 948 quaestio
371 887 436 932 nou
450 879 498 934 est
509 869 667 948 habenda,
685 871 747 931 nisi
763 868 843 931 lorte
855 869 1024 949 prohibere
1036 873 1137 953 potuit
1152 892 1210 936 neo
1229 885 1243 930 s

85 952 301 1034 5probibuit.
349 957 526 1020 Neroniano
553 966 682 1018 senatus
703 956 845 1026 consulto
871 965 1018 1030 cauetur,
1046 966 1082 1020 ut
1107 961 1211 1022 occisa

125 1059 226 1103 uxore
239 1040 335 1104 etiam
347 1041 388 1104 de
401 1040 518 1104 familia
532 1043 595 1103 uiri
607 1045 750 1122 quaestio
766 1041 932 1121 habeatur,
950 1042 1094 1123 idemque
1111 1045 1161 1106 ius
1177 1046 1209 1106 lo

86 1126 238 1190 buxeris
261 1125 379 1190 familia
403 1126 609 1203 obseruator,
640 1129 667 1190 si
694 1129 746 1190 uir
771 1126 897 1191 dicatur
924 1130 1055 1190 occisus.
1102 1130 1206 1207 Serui,

126 1213 182 1292 qui
199 1210 262 1276 sub
284 1213 393 1276 eodem
416 1222 497 1276 tecto
512 1213 660 1292 luerunt,
685 1213 741 1276 ubi
757 1212 905 1276 dominus
925 1213 1113 1294 perhibetur
1126 1217 1209 1278 occi-

125 1317 193 1378 suS,
211 1309 245 1362 et
258 1308 449 1379 torquentur
463 1310 495 1362 et
506 1300 694 1380 puniuntur,
713 1301 774 1362 etsi
784 1309 971 1362 testamento
985 1301 1080 1364 occisi
1095 1321 1209 1364 manu-
1228 1314 1260 1358 to

126 1385 218 1446 missi
239 1385 315 1448 sint.
361 1385 419 1446 sed
441 1395 472 1448 et
487 1385 521 1446 hi
541 1395 744 1465 torquentur,
770 1387 827 1465 qui
842 1405 914 1448 cum
928 1387 1030 1448 occiso
1045 1388 1078 1448 in
1093 1387 1209 1450 itinere

84 1468 271 1532 lluernnt.
317 1472 409 1533 Serui
432 1471 471 1534 de
495 1473 637 1552 proximo
657 1473 701 1549 si,
727 1490 797 1532 oum
820 1481 946 1552 possent
966 1470 1065 1553 ferre,
1091 1472 1209 1538 auditis

84 1557 106 1614 8
125 1555 319 1618 elamoribus
340 1557 491 1620 auxilium
507 1556 634 1618 domino
648 1575 711 1618 non
726 1558 886 1635 tulerunt,
905 1558 1091 1638 puniuntur.
1132 1560 1209 1622 Ser·

124 1660 199 1721 uos,
226 1643 283 1724 qui
306 1644 338 1706 in
354 1644 467 1706 itinere
490 1642 719 1706 circumdatum
742 1642 951 1705 alatronibus
972 1642 1135 1706 dominum
1149 1665 1209 1727 por

125 1726 233 1808 lugam
255 1727 481 1807 deseruerunt,
508 1728 724 1809 apprehensos
738 1737 770 1790 et
784 1730 925 1808 torqueri
948 1739 979 1790 et
993 1747 1115 1792 summo
1130 1749 1208 1812 sup·
1226 1743 1256 1788 ts

85 1815 105 1873 9
123 1812 219 1894 plicio
231 1813 324 1878 adlici
336 1815 464 1896 placuit.
490 1812 667 1876 Habebitur
678 1814 717 1876 de
733 1813 852 1878 familia
866 1816 1010 1895 quaestio
1027 1817 1099 1877 etsi
1114 1816 1207 1880 heres

122 1909 310 1963 testatorem
329 1900 479 1964 occidisse
501 1899 640 1964 dicatur:
666 1920 724 1963 nee
746 1902 894 1978 interest,
912 1909 1082 1964 extraneus
1103 1921 1144 1964 an
1167 1923 1207 1965 ex

62 1987 103 2046 l0
124 1985 238 2048 liberis
259 1987 310 2048 sit.
356 1985 409 2048 *ln
431 2005 552 2050 summa
564 1997 669 2049 tamen
686 1985 849 2049 sciendum
871 1995 902 2047 et
924 1985 965 2048 de
987 1986 1037 2048 his
1059 1987 1206 2071 omnibus

122 2069 323 2134 *habendam
346 2091 415 2134 esse
431 2075 664 2155 quaestionem,
684 2075 739 2154 qui
761 2074 795 2134 in
811 2073 990 2154 suspicione
1006 2075 1206 2155 quacumque

61 2159 98 2219 ll
123 2155 264 2220 *ratione
284 2159 429 2220 ueniunt.
486 2159 522 2220 ln
544 2158 742 2240 disponenda
771 2178 879 2221 eorum
899 2160 1101 2239 quaestione,
1127 2179 1207 2242 quo-
1223 2173 1255 2219 so

122 2242 215 2305 *rum
230 2243 377 2306 dominus
397 2244 515 2306 dicitur
529 2247 756 2326 interemptus,
781 2244 832 2307 hio
853 2245 928 2308 ordo
949 2255 1114 2321 seruatur,
1139 2249 1209 2328 pri-

122 2328 230 2392 *mum
244 2339 282 2392 ut
297 2339 417 2393 constet
432 2333 569 2394 occisum
584 2330 758 2410 dominum,
776 2330 904 2410 deinde,
922 2333 949 2392 si
965 2332 997 2393 id
1010 2332 1145 2411 liqueat,
1166 2331 1205 2395 de

122 2414 261 2497 *quibus
284 2437 321 2480 ea
344 2418 487 2498 quaestio
509 2416 657 2482 habenda
678 2419 734 2495 sit,
764 2426 860 2498 atque
881 2418 925 2480 ita
948 2417 988 2480 de
1011 2420 1073 2480 reis
1100 2419 1206 2499 inqui-

60 2504 102 2564 Η
123 2502 262 2564 *randis
311 2503 376 2566 Etsi
393 2522 563 2584 percussor
577 2513 682 2566 certus
697 2503 751 2582 sit,
770 2512 875 2566 tamen
890 2502 931 2564 de
951 2503 1069 2566 familia
1084 2504 1206 2566 haben-

122 2589 184 2652 *da
199 2590 341 2670 quaestio
356 2601 421 2668 est,
447 2599 481 2652 ut
497 2588 602 2652 caedis
618 2588 782 2652 mandator
796 2591 938 2652 inueniri
953 2589 1084 2670 possit*
1223 2603 1255 2650 ss

46 2780 102 2838 ts*
210 2776 395 2840 *Hereditas
411 2799 428 2840 a
444 2778 518 2840 fisco
533 2787 568 2839 ut
584 2777 724 2858 indignis
740 2777 882 2842 aufertur
896 2779 945 2840 his
960 2781 1116 2858 primum,
1135 2782 1202 2860 qui,

121 2863 214 2926 *oum
231 2864 391 2944 †suscepta
407 2883 442 2926 re
458 2872 542 2926 esset
556 2864 729 2942 testatoris,
755 2865 872 2944 apertis
893 2862 1010 2926 tabulis
1025 2866 1204 2928 testamenti

120 2950 193 3013 *uel
200 2950 242 3014 ab
250 2951 396 3012 intestato
403 2949 548 3014 adierunt
556 2949 763 3012 hereditatem
773 2949 1203 3030 honorumuepossessionem

120 3036 343 3117 *acceperaeotz
365 3037 500 3117 amplius
516 3035 566 3098 his
581 3045 612 3097 et
627 3046 753 3098 eentum
769 3035 856 3100 milia
870 3037 1087 3098 sestertiorum
1102 3055 1204 3117 poena

120 3121 314 3204 *inrogatum
346 3141 405 3183 neo
421 3122 536 3200 refert,
562 3121 712 3202 aquibus
727 3132 819 3202 pater
832 3122 968 3184 familias
982 3123 1033 3185 uel
1049 3122 1204 3202 quemad·
1222 3134 1254 3180 ao

61 3208 74 3268 l
83 3209 101 3270 3
120 3207 268 3272 *modum
283 3207 409 3272 dicatur
422 3209 538 3272 occisus
554 3208 650 3270 ersa*
681 3207 847 3287 Omnibus,
865 3208 922 3288 qui
936 3217 1044 3272 contra
1058 3209 1205 3274 uolunta-

192 3482 542 3545 e‚to=Appooutor,to
577 3482 588 3545 11
626 3483 1030 3546 s‚rt.ta=lppoocsoa‚tr
1067 3485 1078 3548 1
1117 3488 1203 3544 aare

121 3552 386 3614 =Appoousos‚rs

357 3723 359 3729 Ι
393 3704 442 3716 »mvn
632 3701 1201 3718 uaemmaswwmuvwmmvma-mw

190 3812 203 3856 7
218 3808 301 3872 idque
316 3809 407 3872 (atque
421 3807 455 3870 lt)
471 3809 545 3858 iuxta
557 3809 650 3858 uxoris
662 3807 763 3858 familia
779 3806 873 3869 (lamlli
885 3810 933 3867 11⁸]
948 3811 1045 3860 codices
1068 3808 1079 3871 1
1104 3813 1131 3858 44
1149 3810 1202 3858 sint

121 3878 158 3938 ll,
175 3877 335 3928 dieanturt
364 3877 375 3939 1
407 3881 438 3928 ta
458 3879 562 3941 possint
573 3877 621 3928 art
650 3877 662 3940 11
692 3880 722 3924 43
742 3878 925 3930 seruieodtear
953 3879 964 3939 11
995 3881 1026 3925 49
1044 3877 1202 3930 habendum

119 3949 218 3998 codices
250 3947 262 4009 11
297 3951 326 3996 at
348 3946 526 3996 haecoodr'ces
561 3945 572 4007 11
607 3948 639 3998 22
652 3945 752 3996 deinde
767 3945 876 4004 (deinde
890 3945 921 4007 ll,
935 3959 984 3998 om.
998 3947 1098 4008 reliqui)
1114 3948 1137 3997 si
1150 3946 1203 3998 eli·

119 4029 172 4080 qua
185 4019 230 4066 eat
241 4016 340 4066 oodr'res
374 4014 385 4076 11
420 4017 452 4064 st
471 4015 567 4066 sitem.
582 4016 679 4064 codices
713 4015 724 4077 11
761 4017 791 4063 27
811 4017 979 4078 susceptare
993 4014 1075 4077 (seli)
1092 4017 1199 4075 codices,

119 4088 244 4149 suspecta
264 4097 316 4134 nex
334 4083 451 4135 1144441414
496 4083 507 4144 1
554 4086 586 4134 28
605 4082 756 4136 adierunt.
779 4121 785 4134 .
807 4121 813 4133 .
834 4086 866 4132 2⁹
884 4085 1048 4147 acceperunt
1068 4083 1200 4142 Coracem,

119 4154 205 4204 adiit.
222 4193 228 4205 .
245 4191 250 4204 .
266 4153 373 4217 accepit
383 4155 481 4202 codices
510 4153 520 4215 11
551 4156 578 4202 st
602 4153 710 4202 occisus
722 4165 782 4202 esse
793 4165 843 4202 cm.
856 4153 954 4202 codices
