2926 4888
289 345 526 408 rantum-ss
667 377 754 391 .-
800 343 859 407 128
903 379 991 392 ..-

288 553 328 596 ex
343 533 460 615 quibus
474 535 572 596 animi
587 535 748 596 hominum
762 544 966 612 moueantur,
985 534 1183 596 honestiores
1200 534 1375 616 deportan-
1454 533 1455 556 ¹

250 622 352 700 3tur,
371 621 551 684 humiliores
566 622 666 702 capite
681 622 869 702 puniuntur.
900 621 962 693 Qui
977 618 1017 681 de
1033 621 1132 682 salute
1148 622 1305 703 principis
1320 625 1376 684 uel
1453 659 1455 698 t

288 725 409 768 summa
425 709 471 768 rei
493 706 638 788 publicae
662 707 899 768 mathematicos
920 707 1056 767 hariolos
1076 707 1264 787 hanrspices
1289 711 1376 771 uati-

286 794 443 855 cinatores
465 793 618 870 consulit,
647 811 718 854 oum
745 812 781 854 eo
807 793 861 874 qui
879 791 1081 872 responderit
1098 793 1202 873 capite
1222 795 1370 874 punitur.

251 880 353 940 lNon
372 890 493 940 tantum
520 877 714 941 diuinatione
738 878 828 958 quis,
854 876 913 940 sed
933 879 1003 959 ipsa
1023 879 1155 940 scientia
1176 879 1311 960 eiusque
1331 881 1406 941 li-5

285 963 353 1026 bris
367 965 483 1026 melius
498 963 609 1026 lecerit
623 963 796 1026 abstinere.
842 963 927 1044 quod
942 965 970 1025 si
985 965 1072 1026 serui
1087 964 1127 1026 de
1143 964 1246 1027 salute
1270 964 1374 1028 domi-

285 1070 398 1112 norum
424 1051 657 1128 consuluerint,
690 1069 812 1112 summo
841 1050 1014 1130 supplicio,
1039 1048 1073 1112 id
1099 1061 1148 1112 est
1174 1070 1285 1132 cruce,
1314 1052 1373 1115 ad-

285 1136 451 1199 ficiuntur:
470 1137 602 1198 consulti
618 1147 725 1198 autem
741 1137 768 1198 si
784 1154 935 1217 responsa
951 1135 1117 1216 dederint,
1138 1138 1242 1199 autin
1259 1139 1372 1201 metal-
1441 1139 1444 1148 '

240 1283 245 1290 ,
285 1223 350 1285 lum
366 1221 558 1284 damnantur
572 1231 627 1284 aut
642 1223 675 1284 in
692 1222 828 1283 insulam
846 1222 1037 1302 relegantur.

692 1415 695 1425 ¹
779 1407 865 1492 [mr]
1390 1428 1418 1472 o

248 1532 259 1591 l
368 1529 420 1591 *Si
436 1531 508 1610 quis
522 1528 644 1611 aliquid
659 1548 699 1590 ex
708 1529 833 1591 metallo
849 1529 1003 1610 principis
1017 1531 1071 1592 uel
1086 1548 1126 1591 ex
1141 1542 1269 1594 moneta
1284 1552 1370 1596 sacra

246 1619 264 1680 2
282 1616 424 1678 *iuratus
439 1617 497 1695 sit,
520 1635 621 1697 poena
637 1615 755 1676 metalli
772 1625 804 1676 et
819 1616 905 1676 exilii
930 1618 1072 1696 punitur.
1119 1616 1316 1700 Transfugae
1330 1620 1369 1682 ad

282 1702 406 1765 *hostes
417 1703 470 1764 uel
483 1703 685 1764 consiliorum
697 1711 875 1762 nostrorum
891 1703 1126 1764 renuntiatores
1137 1712 1191 1765 aut
1203 1705 1274 1767 uiui
1291 1725 1369 1767 exu-
1454 1773 1455 1776 Ἴ

281 1789 413 1852 *runtur
428 1798 482 1851 aut
497 1788 604 1851 furcae
620 1786 893 1867 suspenduntur*
1454 1819 1455 1828 ι

651 1977 721 2056 [mr
763 1994 801 2036 nn
823 1974 992 2056 smtrrosts]
1273 1995 1285 2010 ··
1388 1993 1416 2038 ιι

246 2100 257 2158 l
367 2095 517 2158 ductores
540 2095 705 2158 seditionis
727 2105 760 2156 et
778 2097 934 2158 tumultus
956 2095 1010 2156 uel
1032 2096 1237 2159 concitatores
1258 2098 1367 2179 populi

281 2202 336 2262 pro
361 2183 511 2262 qualitate
533 2182 697 2262 dignitatis
719 2183 828 2244 autin
852 2201 979 2244 crucem
1001 2182 1156 2244 tolluntur
1176 2195 1233 2245 aut
1254 2183 1367 2245 bestiis

281 2267 462 2330 obiciuntur
478 2276 532 2329 θυι
547 2269 580 2328 in
595 2268 731 2329 insulam
745 2267 964 2348 deportantur.

242 2443 260 2503 2
366 2440 425 2513 Qui
441 2439 593 2502 terminos
609 2437 761 2500 effodiunt
776 2439 828 2501 uel
844 2449 974 2501 exarant
989 2437 1160 2500 arboresue
1180 2442 1369 2505 terminales

281 2536 442 2603 euertunt,
461 2527 487 2587 si
504 2523 634 2605 quidem
646 2523 679 2586 id
694 2527 779 2587 serui
797 2544 852 2586 sua
868 2535 980 2605 sponte
992 2523 1136 2602 iecerint,
1155 2527 1188 2587 in
1201 2528 1367 2590 metallum
1383 2542 1415 2588 m

280 2612 486 2674 damnantur:
513 2611 697 2673 humiliores
712 2612 744 2671 in
761 2630 840 2691 opus
854 2610 1030 2691 publicum,
1048 2612 1248 2674 honestiores
1264 2614 1298 2674 in
1315 2615 1367 2674 in·
1452 2579 1454 2658 l

279 2699 380 2760 sulam
403 2699 516 2760 amissa
542 2698 635 2758 tertia
655 2705 744 2778 parte
770 2695 925 2758 bonorum
952 2697 1133 2777 relegantur
1157 2706 1212 2760 aut
1236 2699 1366 2762 exulare

241 2787 258 2846 3
280 2794 446 2864 coguntur.
480 2784 575 2845 Ciues
589 2783 731 2862 Romani,
750 2783 804 2863 qui
822 2801 856 2844 se
872 2782 999 2844 ludaico
1014 2784 1078 2846 ritu
1095 2783 1147 2844 uel
1163 2802 1276 2846 seruos
1292 2805 1367 2874 suqs

227 2922 231 2933 .
279 2871 462 2934 circumcidi
484 2871 665 2951 patiuntur,
695 2868 786 2930 honis
809 2867 967 2950 ademptis
989 2870 1022 2928 in
1051 2869 1185 2930 insulam
1207 2882 1366 2951 perpetuo

242 2961 258 3019 l
280 2959 475 3038 relegantur:
500 2956 615 3019 medici
638 2955 739 3035 capite
761 2954 949 3035 puniuntur.
996 2954 1103 3017 ludaei
1125 2957 1151 3015 si
1168 2956 1292 3018 alienae
1306 2978 1366 3021 na·
1383 2971 1413 3018 tt

278 3043 373 3104 tionis
389 3053 583 3123 comparatos
598 3060 708 3103 seruos
724 3039 994 3120 circumciderint,
1013 3050 1068 3102 aut
1083 3040 1296 3122 deportantur
1310 3054 1366 3106 aut

278 3216 286 3227 a
291 3213 728 3228 mvwxmrvvmmwvwvmsvvwx
1130 3212 1364 3232 mmm

347 3296 794 3363 eti=m9.te,io,acpr.§t
845 3298 856 3362 u
904 3297 1367 3370 ae,t=nt9.to‚to,e8,att

280 3371 320 3428 ιι,
335 3373 349 3418 2
363 3370 475 3418 certatio
490 3368 697 3418 Grootaticorum
708 3369 835 3418 codicibus
849 3367 1008 3429 (Lachmann
1020 3369 1034 3417 1
1041 3380 1069 3429 p.
1083 3369 1142 3431 tto)

278 3501 1365 3522 κΑΝΝΜννΜΝΜᾺΛΙΝΜΜᾺΜΝἏΛΝΝᾺΛΛΛΜΛΙΝννῊᾺΛΛΝᾺΜ

348 3613 357 3657 t
381 3608 556 3672 deportantur
568 3608 604 3667 Μ,
625 3607 705 3657 exilio
719 3607 815 3672 dep.L
862 3606 873 3670 ΙΙ
921 3611 934 3657 t
953 3620 1029 3658 non.
1045 3645 1051 3657 .
1068 3644 1074 3656 .
1090 3611 1104 3657 6
1119 3606 1258 3659 abstinere
1277 3616 1324 3661 cut
1335 3614 1364 3662 in

274 3681 325 3742 fine
338 3675 350 3743 ᾗ
364 3680 377 3727 t
392 3674 799 3741 aotaotettcollocaadcsoot
837 3675 848 3738 11
887 3678 997 3726 toruoi
1010 3677 1108 3726 codices
1146 3677 1157 3739 {t
1196 3681 1362 3744 tconsulti]

276 3747 324 3804 sed
338 3761 412 3798 cons.
427 3748 524 3797 codices
553 3746 564 3809 11
595 3744 791 3809 trelegantur]
805 3744 984 3808 deportantur
997 3745 1149 3795 Bucltcrdus
1166 3755 1173 3788 ι·
1186 3745 1198 3809 ΙΙ
1238 3750 1269 3796 to
1290 3749 1365 3799 Pac-

277 3819 317 3866 tus
329 3831 360 3867 ca
372 3829 438 3878 quoa
455 3817 501 3864 hoc
519 3819 542 3866 ct
560 3817 675 3876 sequenti
692 3815 766 3864 titulo
783 3816 947 3864 continentur
962 3813 1075 3876 sortasse
1091 3815 1199 3864 marica
1216 3815 1251 3866 dc
1264 3820 1363 3881 poenis

279 3886 320 3950 trs.
335 3887 370 3935 cd
380 3899 407 3934 υ.
424 3883 463 3946 te)
479 3885 627 3945 centoleoccr
640 3888 677 3933 ert
711 3881 722 3946 ll
758 3886 789 3932 te
808 3882 852 3932 uel
866 3883 1046 3933 concitatores
1057 3882 1161 3947 populi]
1175 3885 1278 3948 populo
1293 3899 1363 3937 con-

276 3957 357 4004 citato
368 3953 428 4018 Dia.
454 3953 465 4016 ll
491 3957 520 4002 tt
535 3951 656 4015 crucem]
671 3950 775 4002 furcam
787 3951 846 4014 9⁸⁸9·
872 3950 883 4014 ΙΙ
908 3955 939 3999 49
955 3951 1364 4016 droomticormncootcasoroo-

275 4026 380 4074 mittunt
389 4022 463 4073 Pauli
474 4024 669 4073 sententiarum
679 4019 749 4070 libro
760 4021 782 4069 V
794 4019 872 4070 titulo
882 4020 917 4070 dc
926 4023 1022 4085 poenis
1044 4019 1055 4083 ΙΙ
1079 4018 1191 4070 arbores
1203 4022 1250 4071 uel
1262 4025 1363 4075 codices

276 4105 334 4140 mm
349 4091 488 4142 Grometic.
504 4089 627 4150 (arbores
639 4089 684 4140 uel
696 4089 791 4138 finales
806 4088 893 4139 Grom.
906 4089 1018 4152 Erfurt.)
1049 4089 1061 4152 ΙΙ
1090 4093 1122 4138 ιι
1136 4089 1227 4140 idom.
1242 4090 1363 4161 Gromll
1448 4147 1449 4152 ἵ

276 4164 305 4209 ιι
328 4158 529 4210 damnabuntur
543 4159 630 4209 Grom.
661 4158 673 4222 ll
703 4161 734 4207 m
753 4162 801 4208 θυι
811 4157 920 4207 exulare
937 4159 983 4221 t-ri
995 4155 1067 4220 llll)
1083 4171 1141 4222 cog.
1157 4171 1207 4208 om.
1225 4159 1315 4210 Grom.
