2926 4888
280 339 353 390 Paul.
369 340 401 400 ΙΙ,
417 341 458 388 46.
474 342 505 388 47
669 374 753 385 -.
799 341 839 402 76
883 373 969 386 ...-

239 527 259 585 8
279 527 356 590 dere
370 537 490 608 potest,
523 529 549 588 si
566 545 638 589 eum
660 527 744 590 domi
766 546 840 590 suae
862 526 1091 608 deprehendat.
1130 529 1229 604 Eum,
1257 530 1317 608 qui
1336 531 1370 590 in

279 613 435 676 adulterio
456 613 686 693 deprehensam
708 633 835 676 uxorem
850 633 913 674 non
934 614 1040 676 statim
1062 613 1238 691 dimiserit,
1271 635 1368 676 rcum

241 699 425 761 9lenocinii
452 701 604 780 postulari
631 701 761 780 placuit.
804 701 915 761 *Serui
942 719 1020 762 uero
1047 709 1110 762 tam
1136 701 1242 761 mariti
1265 719 1368 780 quam

277 787 404 847 *uxoris
421 786 452 846 in
472 805 566 848 causa
588 784 736 848 adulterii
758 785 898 866 torqueri
914 796 1062 865 possunt,
1082 805 1141 847 nec
1160 787 1210 847 his
1229 785 1368 848 libertas

220 869 259 928 to
278 871 357 933 *sub
384 872 490 951 specie
519 870 812 951 impunitatisssdata
838 870 968 934 ualebit.
1019 872 1103 932 Duos
1128 891 1191 934 uno
1217 881 1403 952 tempores

278 959 404 1019 *uxoris
426 956 587 1020 adulteros
607 960 747 1020 accusari
769 976 861 1037 posse
884 957 1047 1019 sciendum
1064 967 1128 1020 est:
1154 959 1264 1040 plures
1285 977 1366 1019 uero

222 1039 254 1100 44
278 1045 357 1104 *non
381 1062 484 1123 posse.
525 1043 603 1103 Cum
625 1044 691 1122 his,
716 1062 797 1124 quae
817 1042 945 1124 publice
969 1043 1129 1105 mercibus
1144 1045 1196 1104 uel
1220 1043 1366 1106 tabernis

220 1128 259 1188 tn
277 1129 484 1190 *exercendis
510 1139 695 1208 procurant,
727 1128 920 1191 adulterium
942 1129 1011 1190 fieri
1038 1148 1100 1191 non
1123 1129 1253 1209 placuit.
1300 1131 1365 1202 Qui

221 1215 258 1272 43
278 1216 471 1276 *masculum
487 1214 623 1276 liberum
636 1216 771 1277 inuitum
788 1216 991 1295 stuprauerit‚
1011 1216 1113 1295 capite
1128 1217 1274 1296 punitur.
1300 1217 1363 1288 Qui

201 1371 203 1378 ,
279 1299 460 1362 *uoluntate
481 1319 537 1361 sua
558 1309 702 1381 stuprum
726 1301 941 1382 flagitiumque
964 1303 1124 1381 impurum
1147 1302 1284 1384 patitur,
1312 1302 1364 1364 di·
1386 1316 1416 1360 to

278 1385 397 1448 *midic
411 1396 499 1466 parte
513 1385 667 1448 bonorum
683 1405 810 1448 suorum
826 1387 993 1460 multatur,
1018 1407 1078 1448 nec
1093 1395 1317 1448 testamentum
1334 1391 1361 1448 ei

220 1473 258 1532 ll
278 1475 336 1533 *ex
351 1473 467 1533 maiore
489 1481 577 1551 parte
601 1473 703 1535 lacere
725 1472 811 1534 licet.
850 1471 1006 1534 Adulterii
1030 1475 1189 1534 conuictas
1210 1474 1363 1536 mulieres

277 1557 427 1620 *dimidia
447 1567 537 1640 parte
560 1557 642 1620 dotis
664 1568 696 1620 et
718 1560 809 1620 tertia
831 1567 919 1638 parte
943 1558 1094 1620 bonorum
1119 1579 1154 1621 ac
1169 1559 1363 1638 relegatione

277 1645 329 1704 *in
345 1645 480 1706 insulam
500 1645 618 1725 placuit
633 1645 788 1706 coerceri:
815 1645 967 1706 adulteris
989 1663 1067 1706 uero
1081 1645 1161 1706 uiris
1176 1645 1244 1725 pari
1262 1647 1295 1706 in
1312 1645 1364 1704 in-

276 1729 394 1792 *sulam
411 1731 602 1810 relegatione
623 1729 785 1792 dimidiam
801 1729 953 1791 bonorum
974 1740 1095 1810 partem
1111 1731 1246 1808 auferri,
1266 1730 1363 1792 dum·
1384 1745 1417 1790 45

220 1813 260 1874 45
277 1816 387 1878 *modo
403 1817 436 1877 in
453 1816 596 1878 diuersas
612 1817 730 1878 insulas
745 1816 935 1896 relegentur.
975 1818 1088 1878 Incesti
1105 1835 1250 1896 poenam,
1278 1835 1362 1896 quae

277 1903 329 1962 *in
350 1903 420 1964 uiro
442 1904 475 1962 in
496 1903 632 1964 insulam
653 1900 827 1982 deportatio
850 1911 913 1980 est,
939 1900 1064 1964 mulieri
1080 1900 1199 1983 placuit
1222 1904 1359 1964 remitti:

278 1989 449 2050 *hactenus
468 1998 587 2067 tamen,
613 1997 769 2068 quatenus
785 1989 859 2068 'lege
880 1988 958 2050 lulia
975 1988 1015 2049 de
1037 1988 1201 2050 adulteriis
1223 2008 1286 2049 non
1302 2009 1364 2070 ap-

222 2074 260 2133 46
278 2074 518 2153 *prehenditur
543 2072 736 2135 Ancillarum
749 2093 825 2136 sane
839 2084 994 2154 stuprum,
1010 2076 1070 2135 nisi
1083 2073 1258 2135 deteriores
1272 2075 1360 2152 fiant,

220 2158 260 2218 47
278 2161 350 2221 *aut
364 2179 423 2240 per
438 2179 491 2221 eas
507 2159 546 2222 ad
562 2159 719 2220 dominam
735 2158 881 2237 adfectet,
900 2160 980 2222 citra
994 2179 1106 2222 noxam
1124 2159 1292 2221 habetur*
1326 2162 1362 2222 ln
1381 2175 1414 2220 so

279 2263 373 2307 causa
387 2245 534 2308 adulterii
550 2245 657 2306 dilatio
672 2245 827 2325 postulata
842 2246 999 2326 impertiri
1015 2266 1077 2306 non
1092 2255 1205 2326 potest.

516 2416 604 2498 [00000
646 2436 683 2477 00
705 2434 946 2478 00000400000000
969 2416 1113 2498 0000000]

242 2539 254 2597 4
364 2537 550 2600 Inimicitiae
572 2538 738 2618 capitales,
763 2556 842 2618 quas
857 2536 929 2616 quis
945 2556 1014 2598 cum
1031 2545 1120 2617 patre
1136 2535 1288 2598 defuncto
1303 2538 1364 2599 ha-

279 2621 359 2699 buit,
377 2641 395 2684 a
411 2622 518 2685 tutelis
534 2633 695 2701 excusant,
708 2637 754 2684 'ne
770 2631 900 2704 paterno
916 2623 1041 2684 inimico
1057 2623 1199 2704 pupillus
1215 2624 1364 2684 commit-

655 2793 887 2806 mama
890 2793 951 2804 *MN

346 2884 388 2944 40,
401 2885 425 2930 8.
438 2885 452 2929 0
464 2901 495 2924 =
507 2879 613 2930 00440440
624 2882 647 2940 4,
661 2883 701 2942 42,
715 2883 739 2928 4.
752 2883 765 2928 8
787 2879 798 2942 ΙΙ
819 2881 861 2939 26,
874 2881 974 2928 40-44
985 2893 1019 2928 coc
1033 2880 1199 2930 Vcsocttaoet
1212 2880 1293 2930 40440.
1304 2892 1372 2942 400.Δ

250 2962 253 2967 ·
280 2955 344 3000 4050
355 2953 490 3001 restitutae
499 2954 560 2999 sunt
570 2949 605 3010 (40
615 2950 694 2998 40440.
706 2950 814 3012 04000440
823 2951 955 2998 0004004440
962 2949 1342 3016 praemittiterlnterpretatio)
1354 2967 1359 2997 :

156 3043 157 3046 ¹
250 3059 251 3064 ,
278 3019 640 3078 46,44-εθο4404404,4,4
686 3017 697 3080 ΙΙ
745 3019 878 3078 ao,ta=
896 3017 1039 3077 0044044044,
1057 3019 1125 3077 4,2;
1147 3021 1221 3066 aetat
1240 3019 1364 3075 attentio

276 3089 387 3150 quodam
399 3089 515 3149 exemplo
526 3089 643 3136 0444440040
658 3085 757 3136 coiecit
771 3088 835 3134 4506
849 3099 866 3135 0
877 3089 963 3135 cereto
975 3098 1024 3146 000
1036 3087 1168 3147 adscripta
1189 3085 1231 3146 tcs.
1246 3082 1364 3138 44004040

280 3157 437 3217 0000044404
453 3169 481 3217 p.
497 3155 555 3218 945)
573 3157 726 3216 praemissis
743 3156 781 3204 440
799 3168 832 3205 ex
850 3153 936 3203 Paulli
954 3153 1002 3204 lib.
1023 3157 1091 3203 sent.
1111 3155 1151 3203 tit.
1168 3153 1298 3204 XXXVII
1310 3154 1360 3226 ,(⁰s·

277 3227 366 3286 00445,
382 3225 405 3287 t)
420 3224 477 3286 lege
490 3223 556 3273 40440
568 3223 694 3273 adulterii
723 3223 734 3286 11
765 3227 807 3283 tt,
823 3226 970 3272 44-40000
986 3223 1118 3272 Vcsoctloo
1130 3227 1154 3272 et
1171 3223 1294 3272 Vaticano
1305 3233 1361 3286 000.

279 3296 344 3340 4050
356 3295 491 3342 restitutae
502 3297 562 3342 root
577 3292 611 3352 (40
625 3292 746 3341 40440000
758 3297 818 3342 unte
832 3295 863 3339 46
875 3291 1000 3342 adulterii
1014 3295 1041 3341 04
1051 3294 1081 3340 ta
1095 3291 1227 3342 adulteris
1239 3297 1264 3342 04
1275 3295 1306 3339 at
1320 3293 1364 3340 in-

278 3363 345 3411 cesti
358 3363 463 3410 04404400
475 3361 669 3424 interpretatio)
702 3360 713 3424 {l
742 3363 784 3421 40,
800 3365 830 3409 tt
845 3359 878 3422 cf.
894 3363 917 3422 t,
933 3363 974 3420 te,
990 3363 1005 3408 0

284 3499 328 3512 ιΛΛ(

324 3598 515 3650 ·¹dimiserit
535 3599 609 3659 Gall,
629 3599 733 3650 dimisit
751 3599 885 3662 Wisipotlu'
925 3598 936 3661 ΙΙ
979 3598 1112 3664 5000040]
1132 3612 1180 3664 spe
1199 3586 1320 3650 Pithoeus
1354 3597 1366 3666 ΙΙ

278 3673 410 3720 tutores
428 3668 471 3718 ad.
488 3681 618 3721 accusare
637 3669 714 3718 40440.
758 3669 769 3732 ll
810 3667 955 3718 44000000
973 3669 1052 3719 40440.
1095 3669 1105 3730 ΙΙ
1146 3670 1364 3732 9040000000044

282 3740 362 3790 40440.
387 3738 398 3800 ΙΙ
421 3738 533 3803 punitur
546 3737 655 3796 Vesont,
670 3738 798 3802 puniatur
813 3738 891 3787 40440.
907 3737 993 3788 (loll.w
1006 3737 1094 3796 00440,
1109 3737 1237 3801 punietur
1249 3737 1332 3788 Cotta>
1354 3735 1366 3804 ΙΙ

183 3838 188 3842 -
279 3813 310 3857 40
329 3807 472 3858 dimidiam
485 3809 590 3871 partem
603 3807 700 3856 0004000
728 3807 739 3869 ΙΙ
771 3810 801 3854 40
820 3805 961 3856 dimidiam
976 3808 1080 3871 partem
1096 3807 1175 3856 40440.
1207 3805 1218 3868 ΙΙ
1248 3807 1364 3858 terciam

277 3878 382 3942 partem
399 3876 477 3927 40440.
520 3876 532 3938 ΙΙ
572 3887 605 3924 ac
616 3875 666 3924 rel.
681 3876 707 3924 40
723 3875 839 3926 insulem
857 3874 966 3934 400004,
987 3876 1015 3924 in
1033 3873 1122 3924 insule
1134 3875 1160 3923 et
1172 3874 1221 3924 rel.
1241 3875 1323 3926 40440.
1353 3873 1365 3940 ΙΙ

279 3949 308 3995 44
330 3946 356 3996 40
370 3945 457 3996 insule
475 3946 553 3996 40440.
585 3943 596 4006 il
628 3947 659 3992 40
677 3943 830 4008 relegantur
844 3944 923 3993 40440.
954 3943 965 4005 ll
994 3944 1101 4006 quaein
1115 3943 1282 3993 0400404οε.
1298 3943 1361 4008 dep.

278 4017 319 4066 est
335 4014 444 4074 Vesont,
458 4017 487 4064 40
499 4015 550 4064 ins.
566 4012 628 4076 dep.
642 4014 702 4062 uiro
720 4013 799 4063 40440.
830 4011 841 4073 ΙΙ
872 4010 1188 4076 480000000004440440.
1215 4011 1226 4074 u
1251 4015 1363 4065 400000
1458 4009 1460 4014 ’

277 4097 327 4134 om.
347 4083 441 4148 Vetto,
468 4083 479 4146 tl
521 4085 551 4131 00
570 4082 604 4132 ad
618 4081 722 4132 domini
736 4081 863 4130 iniuriam
876 4079 1026 4130 adfectatur
1039 4093 1091 4135 scr.
1122 4078 1133 4143 {l
1163 4081 1231 4130 citra
1248 4081 1362 4142 Vocant,

277 4155 362 4201 cetra
380 4152 457 4202 40440.
489 4151 500 4214 ll
529 4155 561 4200 40
581 4149 708 4203 (40400040
722 4147 766 4212 Lb,
785 4147 944 4200 defunctum
958 4150 1001 4212 11²,
1021 4147 1253 4200 detunctorumlll
