2922 4898
642 315 941 376 -42-

251 503 427 566 sententiae
449 503 518 564 aliis
534 502 642 564 uerbis
665 502 750 584 apud
767 504 970 584 Wisigothos,
995 504 1065 565 aliis
1085 503 1117 565 in
1133 504 1270 584 Digestis
1285 505 1335 566 le-

252 599 381 668 guntur,
401 609 418 649 a
434 589 616 668 wisigothis
632 590 792 651 mutilatae
807 609 848 651 an
870 589 910 650 ab
925 590 1107 651 iustinianis
1123 589 1334 670 amplificatae

252 676 331 736 sint:
359 676 433 736 item
450 694 466 736 3
483 675 637 736 3311113113
653 675 786 737 dubium
802 685 859 752 est,
879 677 909 754 4,
928 677 959 753 9,
977 676 1008 735 3.
1029 678 1045 736 4
1062 686 1168 738 utrum
1183 675 1223 737 ab
1239 677 1336 738 lusti-

252 761 355 823 nianis
370 760 403 824 in
419 759 518 823 breue
541 771 717 823 contractae
733 780 774 822 311
788 781 805 822 3
822 761 1007 842 Wisigothis
1023 762 1075 824 uel
1097 760 1137 822 ab
1152 763 1333 841 antiquiore

252 847 355 926 aliquo
377 848 567 927 interprete,
591 865 685 926 quem
709 849 760 909 isti
777 849 869 908 Paulo
891 866 996 910 errore
1019 866 1075 909 suo
1095 846 1332 927 substituerint,

252 933 397 995 dilatatae
419 935 493 994 sint.
526 933 604 1013 quin
626 933 720 994 etiam
743 934 993 1013 interpolationis
1014 932 1117 994 labem
1134 933 1247 996 Paulus
1264 935 1334 995 Wi-

251 1020 445 1099 sigothorum
461 1020 493 1080 in
512 1020 539 1096 1,
562 1021 610 1097 19,
633 1020 643 1077 1
666 1039 703 1081 33
717 1019 888 1098 contraxit,
907 1019 992 1100 quod
1007 1021 1086 1081 actio
1102 1018 1142 1082 de
1158 1019 1250 1080 modo
1264 1023 1334 1100 agri

251 1107 296 1166 eis
317 1104 493 1168 actionibus
520 1103 726 1166 adnumerata
749 1115 812 1183 est,
848 1124 929 1185 quae
955 1104 1118 1167 infitiando
1139 1107 1173 1167 in
1200 1104 1333 1184 duplum

252 1201 416 1252 crescunt:
442 1192 504 1251 nisi
526 1189 605 1252 forte
622 1191 673 1251 hic
694 1210 782 1252 error
803 1191 924 1253 dudum
946 1200 1018 1254 ante
1034 1193 1147 1271 Legem
1162 1192 1333 1253 Romanam

251 1277 361 1356 Wisig.
381 1287 564 1357 conceptam
574 1287 666 1338 natus
682 1288 713 1338 et
728 1277 761 1337 in
777 1277 858 1338 hanc
873 1279 973 1357 legem
991 1296 1030 1338 ex
1046 1297 1081 1339 eo
1098 1278 1242 1357 exemplo
1258 1297 1335 1358 pro-

251 1374 383 1443 pagatus
405 1381 473 1424 esse
495 1361 676 1440 uidebitur,
703 1362 789 1443 quod
809 1364 974 1443 Wisigothi
996 1374 1236 1442 excerpserunt.
1275 1365 1335 1425 hoe

250 1450 361 1528 utique
382 1447 472 1510 modo
499 1447 721 1529 explicandum
745 1467 813 1510 esse
830 1459 922 1530 puto,
950 1448 1121 1529 quodcum
1143 1449 1203 1510 alia
1219 1459 1250 1510 et
1272 1451 1335 1510 mi-

251 1553 327 1596 nora
349 1535 533 1614 glossemata
554 1538 594 1612 111.
613 1553 642 1614 g.
662 1536 691 1613 2,
712 1534 762 1613 17,
784 1533 828 1615 7),
846 1545 912 1596 tum
929 1535 1026 1595 semel
1043 1537 1072 1613 2,
1092 1536 1143 1614 31,
1166 1536 1203 1598 12
1224 1538 1335 1616 spuria

251 1621 408 1682 sententia
424 1621 456 1682 in
474 1623 585 1700 Legem
602 1621 771 1681 Romanam
786 1623 998 1700 inrepserunt.

337 1708 488 1768 incertior
500 1725 594 1787 quam
611 1708 840 1770 sententiarum
857 1715 1019 1768 contextus
1035 1706 1115 1768 fides
1130 1705 1334 1769 rubricarum

252 1803 315 1870 est,
342 1811 422 1873 quae
446 1803 478 1854 et
500 1794 533 1853 in
548 1795 628 1873 Lege
644 1795 781 1854 Romana
796 1793 1040 1873 Wisigothorum
1064 1803 1173 1854 extant
1193 1803 1225 1854 et
1248 1793 1335 1874 apud

252 1879 389 1958 reliquos
404 1880 632 1940 sententiarum
647 1887 789 1940 auctores
804 1879 939 1958 Digestis
956 1887 986 1939 et
1000 1880 1158 1940 Vaticanis
1174 1877 1336 1960 fragmen-

250 1966 290 2025 tis
300 1967 439 2046 exceptis
447 1974 617 2027 occurrunt
626 1964 660 2046 ¹).
686 1981 746 2025 nec
756 1974 861 2026 tamen
873 1964 1049 2026 uerendum
1059 1973 1117 2043 est,
1128 1982 1168 2026 ne
1180 1964 1335 2026 librorum

253 2052 283 2110 in
306 2051 412 2112 titulos
428 2049 543 2112 diuisio
563 2069 626 2111 non
648 2050 689 2111 ab
712 2051 778 2131 ipso
794 2051 887 2112 Paulo
908 2049 1047 2131 proiecta
1069 2051 1126 2112 sit:
1153 2052 1248 2111 immo
1270 2053 1334 2112 tale

251 2155 345 2216 opus,
373 2136 405 2196 in
422 2155 483 2216 quo
499 2137 672 2199 secundnm
690 2136 784 2198 edicti
800 2138 947 2217 perpetui
971 2135 1116 2197 ordinem
1132 2137 1210 2198 iuris
1226 2146 1335 2218 partes

250 2222 346 2302 uulgo
368 2242 402 2284 re
426 2224 493 2303 ipsa
515 2223 599 2284 inter
614 2242 648 2283 se
670 2242 733 2284 non
756 2241 894 2284 conexae
916 2219 1156 2301 continuantur,
1181 2242 1245 2284 non
1262 2233 1335 2302 apte

251 2308 508 2387 sinecouspicuis
519 2319 775 2389 argumentorum
787 2307 947 2370 indicibus
962 2307 1014 2370 edi
1025 2318 1148 2388 poterat
1164 2320 1196 2370 et
1211 2307 1336 2370 dudum

250 2404 313 2454 tam
330 2395 362 2454 in
385 2394 486 2456 edicto
503 2396 569 2474 ipso
585 2413 679 2474 quam
694 2397 727 2456 in
744 2395 838 2456 edicti
862 2395 1095 2456 commentariis
1110 2394 1257 2456 rubricae
1272 2415 1337 2456 usu

251 2491 419 2542 uenerant.
459 2481 575 2542 atenim
599 2492 673 2543 sunt
693 2479 855 2559 rubricae,
885 2499 965 2560 qnae
986 2481 1071 2560 apud
1091 2481 1168 2542 alios
1189 2490 1337 2542 auctores

250 2567 342 2627 aliter
364 2565 550 2646 traduntur,
574 2588 605 2629 u.
626 2587 655 2648 g.
676 2569 710 2646 l,
732 2568 759 2626 1.
780 2568 808 2645 1,
831 2569 881 2626 10.
903 2568 930 2645 1,
952 2565 1001 2627 15.
1024 2569 1057 2645 4,
1077 2568 1107 2626 8.
1128 2569 1157 2644 4,
1177 2569 1207 2626 9.
1227 2567 1334 2644 5,’15.

251 2652 281 2728 5,
302 2653 352 2714 22.
365 2653 409 2730 ²1:
435 2654 514 2714 aliae
529 2652 570 2714 ad
586 2654 726 2733 singulas
741 2652 873 2714 binasue
889 2652 1060 2714 sententias
1080 2653 1230 2714 confictae
1246 2663 1335 2731 sunt,

251 2738 367 2818 quibus
383 2740 511 2801 Paulum
527 2741 672 2821 proprios
686 2739 865 2800 titulos-non
877 2738 1062 2818 praefixisse
1074 2737 1149 2800 inde
1160 2739 1335 2818 colligitur,

250 2825 335 2904 quod
361 2836 539 2905 sequuntur
565 2827 741 2887 sententiae
767 2825 852 2886 nullo
883 2825 973 2886 titulo
999 2824 1040 2885 ab
1065 2824 1128 2886 illis
1154 2836 1335 2905 separatae,

250 2929 331 2990 quae
347 2930 410 2973 non
432 2911 472 2972 ad
494 2911 653 2973 rubricam
676 2911 738 2971 illis
754 2911 946 2991 praefixam,
970 2909 1105 2973 seduna
1121 2929 1191 2972 cum
1214 2911 1278 2971 illis
1293 2911 1339 2972 ad

215 2999 218 3005 '
249 2999 392 3076 proxime
413 2997 651 3059 antecedentem
674 2996 834 3059 rubricam
856 2995 1028 3076 quadrant,
1053 3017 1085 3058 u.
1106 3015 1135 3076 g.
1155 2999 1190 3075 2,
1218 2996 1275 3072 17,
1300 2999 1334 3057 4.

250 3085 280 3160 3,
300 3086 349 3161 41,
365 3086 394 3144 6.
411 3085 440 3144 8.
460 3085 490 3161 3,
512 3084 541 3161 6,
563 3085 613 3143 l7.
632 3085 663 3162 5,
683 3085 711 3160 6,
731 3083 761 3143 3.
782 3083 812 3154 5,
834 3083 883 3160 12,
903 3082 932 3143 5.
953 3083 1051 3161 5,16.
1084 3083 1164 3144 aliae
1182 3084 1340 3145 33311311-

250 3168 339 3246 dunt,
359 3168 443 3249 quod
456 3189 491 3230 ea
508 3168 649 3243 materia,
669 3170 718 3230 cui
730 3171 859 3249 propria
875 3167 1001 3230 rubrica
1013 3167 1176 3248 adsignata
1193 3178 1251 3248 est,
1271 3170 1338 3230 iam

249 3255 399 3333 ampliore
421 3254 548 3316 rubrica
571 3273 651 3334 quae
672 3256 841 3316 antecessit
862 3255 1089 3334 comprehensa
1111 3264 1173 3331 est,
1192 3275 1226 3316 u.
1247 3274 1277 3335 g.
1300 3257 1334 3334 1,

251 3343 280 3402 2.
297 3341 326 3401 3.
347 3342 377 3417 2,
394 3342 423 3400 4.
443 3340 473 3400 5.
493 3341 522 3413 2,
540 3344 569 3401 6.
584 3342 621 3399 8:
641 3341 719 3402 aliae
732 3338 872 3420 denique
883 3359 943 3420 per
957 3359 991 3402 se
1006 3339 1233 3421 improbabiles
1245 3351 1335 3420 sunt,

249 3427 338 3488 uelut
364 3427 391 3503 1,
413 3428 471 3486 131
492 3425 541 3506 (cl.
562 3428 596 3503 l,
618 3427 683 3501 1311
711 3428 742 3504 2,
764 3427 813 3504 13,
833 3428 862 3486 6.
883 3428 913 3504 4,
933 3428 963 3487 l.
989 3431 1094 3506 'atque
1109 3435 1145 3488 ut
1166 3427 1199 3487 in
1216 3427 1265 3488 his
1282 3429 1340 3489 in-

248 3512 468 3592 terpolationes
501 3513 789 3592 supplementaque
812 3513 996 3592 posterioris
1018 3513 1131 3574 aetatis
1154 3525 1339 3592 agnoscun-

249 3610 317 3677 tur,
343 3601 385 3659 ita
407 3597 482 3659 alibi
506 3599 659 3678 genuinas
681 3597 823 3660 rubricas
845 3597 1046 3660 intercidisse
1066 3609 1211 3678 apparet,
1231 3600 1337 3660 ueluti

319 3926 335 3987 ¹)
357 3925 523 3976 Consultatio
543 3927 569 3974 in
588 3929 641 3976 c.3
662 3925 719 3974 solo
741 3925 841 3974 omissa
863 3923 974 3975 rubrica
995 3938 1049 3974 non
1072 3925 1137 3974 citat
1157 3925 1209 3974 nisi
1230 3924 1337 3974 librum

248 3996 453 4044 sententiarum.

251 4135 259 4179 1
289 4062 339 4180 51)4
357 4065 410 4180 113611
423 4065 498 4181 1413113ξέ
514 4063 610 4181 lp'isziog.
626 4075 688 4112 cnm
707 4060 820 4125 reliquis
838 4061 998 4112 auctoribus
1016 4062 1153 4112 consentit
1171 4063 1198 4110 in
1214 4062 1338 4112 rubricis

268 4169 283 4190 r.
307 4163 312 4180 ⁴
348 4159 374 4191 r'
405 4169 411 4180 ·
446 4155 472 4192 r'
503 4169 508 4181 ·
543 4170 549 4192 r
600 4171 606 4183 ·
