2922 4898
662 347 962 412 ...3g....

694 622 759 704 [Ἢ
783 622 933 703 rursusq
1452 621 1454 698 l

237 761 249 819 l
360 759 497 822 *Iniuria
519 759 556 820 si.
568 759 700 839 quidem
721 769 810 821 atrox
837 758 879 839 (id
903 768 951 821 est
973 758 1090 840 grauis)
1117 778 1178 820 ooo
1198 768 1260 836 est,
1289 779 1355 820 nou
1452 749 1454 906 1

273 843 362 906 *sine
385 843 500 906 iudicis
521 844 652 907 arbitrio
674 846 870 907 aestimatur.
903 855 1040 908 atrocem
1062 855 1168 910 autem
1187 846 1355 908 aestimare
1453 911 1454 934 ,

273 929 393 992 *solere
410 940 606 1011 praetorem:
633 929 730 1010 idque
752 932 855 1010 colligi
879 951 919 992 ex
934 929 1027 1011 iacto,
1052 940 1178 1012 utputa
1194 932 1221 992 si
1237 930 1356 993 uerbe·
1453 937 1454 996 3

274 1015 380 1078 *ratus
395 1017 447 1078 uel
461 1018 648 1079 uulneratus
664 1016 883 1098 quis,luerit.*
1177 1041 1188 1054 ·
1375 1031 1388 1076 5
1453 1083 1454 1086 Ἴ

1453 1129 1455 1166 Ι

239 1190 249 1247 l
360 1186 545 1250 *detiorum
561 1198 768 1270 generasunt
783 1187 861 1267 duo,
886 1189 919 1250 in
936 1208 1020 1267 rem,
1046 1207 1128 1269 quae
1149 1189 1266 1251 dieitur
1280 1191 1358 1251 uin-

216 1281 217 1284 ’
237 1275 256 1338 2
275 1272 426 1353 *dieatio,
446 1283 476 1334 et
491 1275 524 1334 in
540 1292 724 1354 personam,
749 1293 830 1354 quae
845 1274 1000 1338 condictio
1016 1275 1204 1356 appellatur.
1237 1277 1356 1336 larem

274 1359 374 1422 *aetio
390 1369 454 1437 est,
479 1378 538 1439 per
553 1378 649 1440 quam
665 1379 732 1421 rem
748 1369 900 1438 nostram,
927 1379 1009 1440 quae
1030 1360 1070 1422 ab
1086 1361 1145 1422 alio
1160 1361 1353 1442 possidetur,

237 1447 255 1506 3
275 1445 450 1526 *petimusz
470 1456 502 1507 et
517 1464 645 1527 semper
659 1444 814 1508 aduersus
829 1466 902 1508 eum
918 1457 966 1508 est
982 1447 1038 1526 qui
1054 1466 1120 1508 rem
1136 1446 1288 1528 possidet.
1320 1447 1357 1508 ln

216 1581 220 1593 t
275 1530 462 1612 *personam
483 1532 564 1594 actio
586 1540 650 1610 est,
677 1550 741 1611 qua
762 1552 835 1594 oum
851 1552 886 1594 eo
902 1533 1040 1612 agimus,
1064 1534 1120 1613 qui
1136 1533 1293 1613 obligatus
1309 1543 1359 1594 est
1379 1544 1408 1588 to
1453 1573 1455 1610 ἑ

275 1616 386 1680 *nobis
401 1616 442 1680 ad
456 1616 636 1680 iaciendum
652 1617 773 1697 aliquid
788 1620 842 1680 uel
857 1617 1014 1680 dandum:
1040 1627 1072 1680 et
1091 1638 1219 1699 semper
1240 1619 1359 1682 aduer-

239 1702 349 1766 l*sus
374 1704 513 1766 eundem
538 1705 640 1766 locum
667 1702 771 1766 habet.
810 1704 977 1768 dationum
1002 1714 1110 1766 autem
1137 1704 1293 1785 quaedam
1317 1724 1359 1766 ex
1453 1701 1455 1710 ’

238 1791 256 1849 5
275 1787 465 1868 *eontraotm
485 1788 640 1869 quaedam
657 1809 697 1851 ex
711 1788 803 1870 iacto,
828 1790 986 1870 quaedam
1001 1792 1034 1852 in
1050 1789 1167 1852 laetum
1182 1800 1269 1853 sunt.
1310 1792 1360 1852 Ex
1453 1739 1455 1864 ἒ

276 1875 457 1938 *contractu
472 1876 553 1938 aetio
568 1885 627 1955 est,
645 1877 793 1956 quotiens
807 1878 881 1956 quis
895 1878 946 1938 sui
961 1877 1041 1938 lueri
1057 1896 1150 1940 eausa
1165 1896 1237 1938 eum
1250 1877 1358 1956 aliquo
1453 1879 1454 1882 ’

276 1960 467 2040 *oontrahit,
492 1962 593 2024 ueluti
613 1961 747 2023 emendo
768 1961 939 2025 uendeudo
954 1962 1084 2025 looando
1102 1961 1310 2026 eonduoendo
1326 1972 1359 2023 et
1379 1974 1409 2019 ⁴5
1453 1969 1455 2020 i

238 2047 256 2106 6
276 2046 408 2108 *ceteris
424 2045 593 2110 similibus.
626 2049 674 2108 Ex
696 2046 775 2110 laeto
796 2049 875 2110 aetio
895 2058 959 2127 est,
984 2050 1130 2128 quotiens
1145 2068 1186 2110 ex
1201 2068 1237 2111 eo
1253 2049 1357 2110 teneri
1453 2073 1455 2138 4

275 2131 368 2212 *quis
382 2134 511 2214 incipit,
535 2132 621 2213 quod
636 2135 705 2214 ipse
721 2133 864 2212 admisit,
887 2135 988 2196 ueluti
1003 2134 1122 2196 lurtum
1137 2135 1191 2196 uel
1206 2136 1357 2197 iniuriam
1454 2139 1455 2160 ³

238 2216 448 2280 7*eommisit
463 2219 516 2280 uel
532 2218 682 2281 damnum
698 2218 797 2282 dedit.
837 2222 872 2281 ln
888 2219 1004 2282 iactum
1019 2220 1098 2282 aotio
1114 2219 1248 2297 dieitur,
1276 2240 1358 2301 qua-
1453 2269 1455 2282 1

275 2304 334 2364 *lis
354 2314 402 2366 est
423 2305 561 2385 exempli
583 2307 682 2384 gratia
704 2307 803 2384 aetio,
829 2311 920 2386 quae'
934 2305 1029 2369 datur
1047 2316 1178 2390 patrono
1200 2305 1358 2368 aduersus

275 2390 454 2467 *libertum
474 2409 492 2451 a
507 2409 569 2470 quo
585 2401 691 2453 eontra
708 2391 846 2455 edietum
862 2393 1016 2472 praetoris
1032 2393 1130 2454 iuius
1146 2401 1277 2454 uooatus
1293 2402 1352 2454 est.
1376 2401 1407 2446 2⁰

237 2477 256 2534 8
276 2475 413 2538 *Omnes
428 2485 534 2538 autem
549 2479 686 2539 actiones
701 2488 755 2539 aut
771 2479 882 2562 ciuiles
900 2478 1051 2542 dieantur
1066 2488 1120 2540 aut
1136 2477 1356 2541 honorariam*

275 2645 644 2662 ΛΛΛΛΛΛΛῘΨΧᾹΛᾺΛΛΛΝᾺΛΛΛΛΛ
861 2647 1328 2664 ΧΛΙΧΝΚΝΧΑᾸΙΚΛΛΛΛΛΛΑΛΛΛΛΛΛΛΛΛΝῺΆΙ
1337 2648 1356 2660 Α

345 2754 417 2801 4-5
436 2765 471 2801 σω
486 2750 548 2802 Coll.
562 2757 588 2812 2,
602 2755 809 2814 zeoppleotmos
837 2752 848 2814 ΙΙ
877 2757 892 2802 t
912 2755 1003 2816 grauis
1021 2765 1075 2804 nou
1094 2755 1136 2804 est
1147 2754 1240 2814 scopo·
1252 2757 1356 2802 serulus

273 2819 431 2871 Hooclltium
452 2822 499 2883 (gr.
513 2834 566 2870 uon
580 2821 635 2883 sit),
655 2823 746 2884 grauis
764 2825 806 2871 est
820 2821 906 2872 Coll.w
922 2821 1010 2882 color,
1031 2823 1105 2885 graui
1124 2835 1216 2871 rerum
1238 2821 1317 2873 Goll.¹’
1345 2817 1357 2885 ΙΙ

270 2887 501 3018 ξαῖορψκέὲῃξζῑιῶ,
516 2890 619 3000 colligit
634 2889 722 2952 eouv,
738 2890 846 2953 collegit
860 2888 946 2941 dour
967 2890 980 2954 ΙΙ
1006 2893 1085 2940 o-at
1101 2904 1137 2940 eor
1150 2891 1208 2953 Βία.
1224 2895 1266 2950 u,
1280 2891 1306 2950 ⁷,
1320 2893 1355 2941 25
