2926 4888
294 348 368 397 Paul.
382 346 414 406 V,
431 348 529 394 rr—to
672 379 757 390 -—-
805 345 865 408 126
909 263 993 390 L...

632 533 702 613 [xvir
745 552 783 595 nr
805 535 1037 613 incurrrourrrs]

209 656 221 715 l
242 654 277 738 (i)
380 655 450 715 Post
474 651 675 715 abolitionem
690 652 849 733 publicam
865 673 883 714 a
898 652 1038 714 delatore
1060 671 1116 714 suo
1132 671 1207 714 reus
1223 655 1310 714 intra
1328 654 1392 714 tri·
1450 717 1452 744 Ι

205 743 226 804 2
242 741 277 824 [3)
295 741 470 801 censimum
482 738 568 800 diem
580 739 682 819 repeti
692 749 805 821 potest,
825 747 933 819 postea
946 757 1008 800 non
1019 747 1134 819 potest.
1161 739 1293 800 Summa
1307 758 1390 818 sup-

293 825 388 904 plicia
403 835 476 886 sunt
491 843 570 886 crux
585 826 733 887 crematio
746 824 931 887 decollatio:
950 823 1158 886 mediocrium
1174 834 1283 886 autem
1300 825 1389 886 deli-

293 921 415 972 ctorum
443 929 561 992 poenae
588 922 663 972 sunt
691 911 852 972 metallum
879 910 974 972 ludus
1002 910 1194 992 deportatio:
1229 911 1417 972 minimacs

294 997 442 1078 relegatio
465 997 595 1058 exilium
617 1016 696 1076 opus
718 996 881 1076 publicum
905 997 1043 1058 uincula.
1083 1015 1158 1057 sano
1182 997 1238 1076 qui
1255 995 1296 1058 ad
1315 997 1387 1076 gla-

294 1083 382 1145 dium
398 1083 525 1160 dantur,
545 1084 626 1143 intra
642 1101 760 1145 annum
777 1081 985 1146 consumendi
1000 1092 1085 1144 sunt.
1451 1081 1452 1084 ’

639 1268 721 1352 [arur
765 1289 802 1332 na
824 1260 1055 1351 aarcroarnrs]'

258 1396 270 1455 l
379 1390 551 1452 Abactores
566 1399 654 1469 sunt,
674 1390 729 1470 qui
745 1409 844 1453 unum
860 1409 995 1471 equum,
1020 1388 1099 1453 duas
1115 1408 1213 1470 equas
1229 1389 1386 1451 totidem-

294 1496 356 1557 que
372 1476 471 1538 boues
492 1477 546 1540 uel
561 1495 671 1556 capras
694 1474 803 1538 decem
820 1485 873 1538 aut
894 1495 1005 1556 porcos
1029 1477 1171 1556 quinque
1198 1475 1383 1556 abegerint.
1403 1489 1430 1532 44

294 1563 453 1643 quidquid
469 1582 544 1624 uero
561 1564 642 1624 intra
658 1563 744 1624 huno
758 1581 927 1624 numerum
943 1561 1039 1626 fuerit
1054 1561 1208 1640 ablatum,
1228 1563 1262 1622 in
1279 1581 1385 1643 poena

295 1649 371 1710 lorti
386 1668 443 1730 pro
467 1649 617 1729 qualitate
633 1649 702 1710 aius
718 1657 772 1710 ant
788 1649 821 1710 in
844 1648 980 1729 duplum
994 1657 1049 1710 aut
1065 1648 1096 1709 in
1113 1649 1245 1729 triplum
1262 1667 1385 1710 conue-

293 1737 395 1814 nitur,
414 1736 467 1797 uel
484 1733 620 1798 fustibus
635 1753 746 1798 caesus
762 1737 795 1796 in
811 1753 889 1815 opus
905 1734 1070 1815 publicum
1085 1736 1180 1796 unius
1195 1737 1272 1796 anni
1288 1733 1385 1798 datur

255 1827 275 1888 2
293 1831 348 1884 aut
368 1820 428 1883 sub
444 1841 545 1902 poena
560 1821 759 1884 uinculorum
775 1820 901 1882 domino
917 1822 1111 1882 restituetur.
1157 1818 1308 1882 *Atroces
1324 1839 1384 1901 pe-

294 1907 421 1969 *corum
442 1907 604 1970 abactores
629 1906 816 1987 plerumque
844 1906 885 1968 ad
908 1906 1047 1986 gladium
1070 1906 1179 1968 uelin
1201 1906 1378 1984 metallum,
1401 1918 1428 1962 45

295 1993 550 2073 *nonnumquam
567 2003 672 2054 autem
687 1995 720 2054 in
736 2011 815 2073 opus
829 1992 992 2072 publicum
1009 1992 1137 2055 dantur.
1183 2002 1307 2053 atroces
1322 2011 1383 2056 au·

293 2078 374 2140 *tem
395 2090 485 2158 sunt,
511 2081 566 2159 qui
579 2097 677 2159 equos
692 2089 724 2140 et
738 2098 851 2160 greges
866 2081 974 2141 ouium
989 2077 1029 2140 de
1044 2077 1167 2140 stabulo
1182 2079 1235 2141 uel
1251 2077 1292 2139 de
1307 2097 1383 2158 pas-

294 2164 380 2226 *ouis
399 2164 545 2244 abigunt,
570 2166 622 2226 uel
641 2167 667 2226 si
690 2164 724 2226 id
739 2167 866 2246 saepius
881 2175 935 2228 aut
947 2164 1034 2245 ferro
1049 2163 1202 2226 conducta
1220 2184 1318 2226 manu
1334 2165 1383 2226 ia-

256 2254 274 2312 3
294 2250 430 2311 *ciunt*
474 2251 507 2312 Si
523 2270 559 2312 ca
574 2270 704 2331 peoora,
728 2250 901 2332 dequibus
923 2252 995 2331 quis
1011 2251 1129 2330 litigat,
1155 2249 1315 2330 abegerit,
1341 2249 1382 2310 ad
1451 2293 1452 2334 q

296 2336 400 2399 lorum
422 2336 631 2398 remittendus
653 2347 809 2417 astatque
834 2339 876 2398 ita
891 2338 1056 2400 conuictus
1071 2338 1104 2396 in
1127 2335 1261 2416 duplum
1277 2337 1331 2398 uel
1348 2338 1380 2397 in
1398 2347 1427 2392 ao

258 2427 275 2484 l
295 2422 428 2502 triplum
450 2422 528 2484 luris
550 2442 635 2484 more
657 2422 834 2486 damnatur.
881 2422 960 2496 *Qui
981 2422 1096 2484 bouem
1112 2423 1165 2484 uel
1187 2441 1308 2503 equum
1328 2441 1382 2484 er-

294 2507 437 2570 *rantem
464 2508 589 2588 quodue
617 2508 705 2570 aliud
732 2528 829 2589 pecus
850 2508 1035 2586 abduxerit,
1066 2508 1166 2570 iurem
1188 2510 1291 2588 magis
1309 2527 1381 2570 oum
1450 2535 1452 2564 i

295 2594 408 2674 *quam
424 2594 601 2656 abactorem
617 2595 763 2656 constitui
779 2593 929 2675 placuit*
1451 2593 1452 2596 ’

667 2785 725 2862 [xur
768 2801 805 2844 na
830 2783 1006 2864 sicnrtrors]

348 2953 350 2958 .
383 2905 443 2978 Qui
464 2913 558 2964 noctu
580 2922 674 2965 manu
697 2901 776 2963 iacta
791 2901 968 2982 praedandi
990 2921 1026 2964 ac
1046 2901 1260 2984 depopulandi
1283 2903 1383 2982 gratia
1397 2915 1425 2960 at

296 2990 447 3070 templum
477 2991 679 3070 inrumpunt,
711 2987 821 3050 bestiis
843 2988 1040 3051 obiciuntur:
1067 2989 1094 3050 si
1116 3007 1194 3050 nero
1216 3007 1275 3068 per
1298 2987 1382 3049 diem

297 3077 366 3138 leue
381 3076 502 3156 aliquid
523 3075 563 3138 de
578 3075 694 3156 templo
709 3074 913 3154 abstulerint,
933 3075 985 3137 uel
1000 3075 1207 3155 deportantur
1222 3074 1382 3136 honestio-

223 3210 227 3219 .
295 3181 347 3223 res
362 3163 414 3224 uel
430 3162 613 3224 humiliores
627 3163 660 3222 in
676 3160 836 3229 metallum
853 3160 1055 3223 damnantur.
1450 3161 1452 3196 ⁴

1190 3329 1372 3344 vaxmmvw

368 3416 689 3476 i8,i=Collctioit,3
732 3417 742 3480 ΙΙ
787 3417 1112 3477 ⁴8,2=Collctioll,i
1162 3416 1174 3480 ΙΙ
1223 3419 1379 3478 l8,3.t=

300 3485 407 3536 corratio
420 3490 461 3546 44,
475 3489 500 3534 t.
516 3489 529 3535 a

368 3731 382 3775 Ξ
401 3729 521 3778 editiones
533 3729 561 3778 ia
572 3726 657 3790 [route
668 3728 736 3778 tituli
750 3732 779 3776 ii
793 3730 850 3778 uiae
862 3725 874 3792 5
888 3730 897 3775 t
921 3741 955 3777 cro
969 3725 1087 3788 aprima
1098 3725 1241 3788 Aegidicao
1254 3727 1379 3790 144449404-

297 3810 370 3847 444444
388 3797 501 3846 adduct:
521 3795 631 3846 abolitio
650 3798 691 3846 cst
708 3795 807 3847 deletio
826 3795 930 3846 obliuio
947 3796 993 3846 uel
1011 3796 1139 3846 extinctio
1158 3796 1342 3845 accusationis
1369 3790 1379 3860 l

299 3869 396 3916 isunt
409 3865 438 3924 L,
452 3865 503 3916 hae
517 3866 622 3916 suntM
660 3865 671 3929 ΙΙ
713 3864 949 3930 8abigeatoribus
965 3864 1026 3916 Goll.
1043 3867 1113 3926 im
1155 3862 1167 3926 ΙΙ
1209 3863 1322 3926 ednas]
1335 3863 1377 3912 uel
1451 3871 1452 3878 ¹

298 3935 366 3986 duas
382 3935 442 3984 cou.
475 3935 485 3998 Η
517 3938 547 3982 io
567 3937 674 3985 autom.
692 3933 754 3985 Goll.
785 3933 797 3997 ll
828 3938 854 3983 44
872 3936 899 3984 in
912 3943 1000 4000 poena
1018 3932 1161 3997 Wisipothi,
1177 3933 1292 3996 inponat
1307 3933 1376 3990 Coit,

298 4005 326 4055 in
339 4017 454 4068 poenam
471 4003 591 4054 Gaianas
629 4003 640 4066 ll
679 4007 709 4052 43
729 4002 782 4066 uel]
797 4004 844 4053 aut
858 4003 921 4053 coli.
960 4002 971 4066 ΙΙ
1014 4005 1044 4049 48
1063 3997 1260 4064 ferculaferro
1273 4003 1375 4060 codices,

298 4072 369 4124 ferro
382 4075 429 4122 aut
443 4073 525 4122 Faber
553 4072 564 4135 ll
595 4076 625 4120 49
645 4073 794 4136 litigauerat
809 4070 888 4122 dour
903 4072 1000 4132 Gallu,
1014 4070 1160 4132 litigauerit
1174 4069 1255 4119 Colli
