2922 4898
395 1429 646 1512 PRAEFATIO
673 1429 879 1514 anilonis

174 1641 269 1702 Anno
295 1640 375 1700 tata
405 1640 560 1700 lohannes
583 1640 681 1702 Tilius
711 1642 812 1702 titulos
842 1659 884 1701 ecc
907 1659 1031 1722 corpora
1060 1643 1182 1723 leiocr'

88 1748 152 1790 uno
182 1726 290 1788 codice
321 1726 384 1786 solo
401 1727 640 1787 ¹ususParisiis
664 1725 775 1788 edidit.
802 1728 857 1806 qui
885 1726 984 1788 codex
1012 1739 1178 1808 postquam

8 1851 9 1892 ,
87 1835 118 1876 a.
143 1814 228 1874 l576
253 1831 271 1873 a
291 1812 416 1874 Cuiacio
437 1809 563 1872 Parisiis
586 1811 691 1874 denuc
715 1815 911 1874 examinatus
935 1823 992 1892 est,
1019 1815 1088 1875 eius
1111 1833 1179 1876 me-

8 1893 10 1956 ?
90 1900 190 1961 moria
214 1899 327 1979 periit,
363 1897 463 1960 donec
485 1900 518 1957 F.
546 1897 577 1958 C.
606 1897 645 1959 de
670 1899 806 1980 Savigny
837 1919 909 1960 eum
932 1900 965 1959 in
988 1899 1179 1962 bibliotheca

86 1987 239 2048 Vaticana
264 1984 512 2064 inuestigauit1].
556 1993 651 2064 atquc
674 1985 823 2064 leguntur
844 1986 877 2045 in
901 1984 1008 2048 codice
1030 1988 1179 2048 Vaticano

89 2093 156 2152 reg.
186 2072 287 2148 ttaa,
321 2071 375 2149 qui
400 2070 523 2131 saeculo
545 2071 573 2130 X
595 2071 628 2131 in
653 2070 750 2132 Gallia
773 2073 920 2132 exaratus
944 2083 1008 2152 est,
1035 2073 1116 2134 tituli
1138 2091 1180 2134 ccc

8 2175 9 2240 j
87 2176 219 2239 corpore
248 2157 369 2236 leicct'
390 2158 464 2236 Legi
487 2157 642 2218 Romanae
666 2157 909 2238 Wisigothorum
931 2157 1060 2220 adiecti.
1103 2177 1180 2239 apo-

8 2271 9 2308 1
89 2246 246 2325 graphum
276 2242 392 2304 codicis
415 2243 555 2303 Vaticani
584 2241 625 2302 ab
648 2244 781 2304 Henrico
805 2245 914 2304 Brunn
943 2243 1081 2320 fideliter
1104 2264 1180 2306 con·

8 2319 9 2328 ’
89 2331 209 2392 fectum
233 2330 316 2409 typis
339 2327 502 2390 mandauit
525 2327 692 2390 Eduardus
715 2328 919 2410 Boecking2).

8 2487 9 2492 ¹
179 2417 340 2476 Pertinere
365 2415 421 2474 hos
443 2415 550 2475 titulos
573 2414 613 2475 ad
628 2415 751 2495 leiani
775 2415 893 2478 librum
916 2416 1109 2496 singularem
1127 2435 1180 2478 re-

8 2517 9 2576 Ῑ
87 2503 235 2584 gularum
267 2520 307 2561 ex
335 2501 506 2561 Collatione
529 2502 566 2578 6,
593 2502 611 2560 2
641 2499 692 2580 (=
713 2502 784 2581 le.
810 2504 848 2581 5,
876 2503 905 2562 5.
933 2501 960 2583 7)
990 2511 1020 2564 et
1042 2503 1179 2582 Digestis

8 2583 10 2668 l
89 2588 343 2664 lastinianum,
363 2587 393 2666 5,
416 2585 454 2646 tr
483 2585 534 2664 (=
548 2586 618 2665 le.
639 2588 690 2665 20,
710 2587 738 2667 6)
767 2598 898 2649 constat.
939 2607 1049 2668 presse
1072 2599 1177 2650 autem

8 2671 10 2764 ξ
91 2684 240 2736 secutum
263 2692 333 2734 esse
354 2673 524 2752 leianum
554 2673 586 2733 in
609 2672 690 2734 libro
714 2674 865 2754 singulari
888 2675 1070 2753 regularum
1093 2694 1178 2735 com-

8 2767 10 2840 }
89 2760 238 2842 ponendo
262 2758 450 2820 Gaianarum
472 2759 706 2820 Institutionum
737 2759 880 2821 ordinem
911 2759 1001 2821 docet
1027 2761 1177 2820 materiae

8 2877 9 2928 3
89 2847 131 2908 ab
154 2846 287 2926 leianc
309 2855 459 2906 tractatae
483 2843 664 2925 dispositio,
697 2847 759 2906 nisi
788 2845 873 2926 quod
901 2864 1001 2925 pauca
1024 2845 1102 2908 iuris
1125 2864 1178 2906 ca-

8 2943 9 2988 }
89 2934 156 3013 pita
186 2951 203 2992 a
236 2931 310 2992 Gaio
339 2931 564 3011 praetermissa
593 2930 732 2992 diuersis
760 2931 838 2994 locis
866 2929 1047 3012 inseruitil.
1095 2949 1177 3010 quae

8 3043 9 3050 ¹
91 3039 165 3082 cum
189 3020 232 3079 ita
255 3017 327 3095 sint,
355 3024 395 3077 ex
411 3018 527 3078 Gaiana
551 3015 755 3096 dispositione
779 3027 863 3078 certa
887 3019 1066 3078 coniectura
1089 3017 1178 3078 colli-

89 3106 177 3185 gitur
192 3104 373 3184 regularum
388 3103 593 3182 leianarum
609 3121 672 3163 non
689 3103 789 3164 solum
805 3104 930 3164 initium
946 3103 1092 3183 periisse,
1119 3103 1177 3182 sed

8 3227 10 3254 ι
90 3210 128 3252 ea
151 3208 279 3270 quoque
302 3191 406 3249 omnia
427 3188 619 3266 desiderari,
646 3188 685 3249 de
710 3188 828 3269 quibus
844 3189 940 3251 Gaius
962 3189 1036 3251 inde
1052 3209 1070 3250 a
1086 3191 1116 3269 3,
1136 3191 1175 3250 53

8 3269 10 3354 ζ
91 3279 173 3356 egit:
202 3294 334 3354 eamque
353 3277 563 3336 coniecturam
587 3275 719 3355 insuper
734 3275 918 3336 confirmant
934 3274 1108 3356 fragmenta
1124 3277 1178 3337 Vl-

89 3365 185 3443 piana
210 3363 242 3422 in
258 3362 406 3422 Vaticano
423 3360 528 3422 codice
544 3361 658 3422 omissa
675 3370 705 3421 et
724 3380 741 3421 e
757 3361 927 3423 Collatione
943 3363 1121 3442 Digestisue
1137 3362 1177 3423 ad

8 3457 9 3468 ¹
75 3449 186 3516 ,finem
210 3457 334 3508 nostrae
357 3446 506 3508 editionis
527 3448 687 3524 restituta,
713 3465 794 3526 quae
814 3449 940 3510 Gaianis
957 3449 986 3527 3,
1007 3449 1079 3511 224.
1101 3449 1173 3511 225.

94 3601 735 3615 ww*NWVVXNW*VWVWMIWVWUvvwaalleVVWNM
743 3602 927 3615 sdeNNNVVv'lelxl
935 3603 1145 3616 ssim-IWWMNAIVVW
1155 3603 1178 3615 Ν

161 3687 179 3750 ¹)
201 3687 331 3737 Codicem
352 3688 512 3738 Vaticanum
534 3687 652 3737 eundem
673 3701 733 3738 esse
754 3690 837 3750 atque,
856 3687 933 3738 illum
955 3703 1008 3752 quo
1031 3688 1116 3738 Tilius
1138 3690 1178 3737 est

8 3753 9 3818 ξ
90 3760 187 3806 contra
205 3756 234 3806 C.
255 3756 285 3805 E.
307 3755 475 3806 llcimbachii
495 3756 677 3806 dubitationes
697 3757 797 3821 optime
816 3754 937 3806 defendit
955 3758 1012 3807 loh.
1027 3757 1129 3806 Vahlen
1149 3757 1176 3804 iu

8 3823 9 3826 ’
90 3824 272 3890 praelatione,
299 3839 381 3889 quam
403 3825 514 3875 editioni
536 3825 571 3875 ab
593 3827 652 3890 ipso
675 3826 783 3875 Bonnae
807 3829 873 3874 4856
896 3829 1005 3877 curatae
1025 3826 1175 3889 praemisit,

89 3909 117 3958 p
133 3895 310 4026 X2qu3lpiani
327 3961 397 4012 liber
415 3964 484 4025 sing
498 3963 661 4026 regularum.
689 3963 798 4013 Codicis
811 3964 935 4012 Vaticani
949 3961 1102 4026 exemplum
1115 3974 1174 4013 cur.

91 4032 141 4082 Ed
157 4032 301 4092 Boecking.
327 4032 433 4096 Lipsiae
448 4035 522 4080 4855

159 4098 179 4163 ³)
202 4099 240 4150 Cf.
256 4099 348 4148 tabula
366 4101 558 4167 aBoeckingio
576 4104 689 4165 quartae
702 4101 810 4164 leiani
829 4099 942 4150 editioni
964 4099 1047 4162 (4555)
1064 4099 1176 4150 adiecta

94 4172 130 4234 (P-
146 4173 194 4217 ⁴9²
209 4170 291 4232 sqq..)
958 4259 966 4300 ⁴
