2922 4898
251 995 413 1060 Vertnu
431 1001 550 1060 LIBER
574 1001 668 1062 SING
677 995 815 1061 VLARIS
836 996 1079 1063 attentatu

53 1141 71 1200 4
213 1181 335 1196 .....
360 1136 519 1216 prohibet,
552 1138 693 1217 exceptis
723 1135 915 1218 quibusdam
936 1138 1094 1218 cognatis,
1126 1139 1206 1200 etsi

52 1227 80 1290 2
106 1222 196 1304 plus
220 1221 371 1284 donatum
393 1225 444 1300 sit,
469 1242 532 1285 non
549 1223 714 1286 rescindit.
749 1225 853 1284 Minus
875 1241 971 1302 quam
992 1223 1133 1304 perfecta
1154 1225 1207 1286 lex
1244 1235 1248 1242 ·

109 1319 172 1369 est
195 1325 277 1387 quae
300 1317 387 1370 uetat
409 1308 529 1388 aliquid
552 1310 631 1388 fieri,
658 1319 690 1370 et
709 1309 735 1370 si
753 1309 868 1371 iactum
884 1310 936 1386 sit,
961 1328 1024 1371 nen
1041 1309 1204 1388 rescindit,

109 1393 180 1456 sed
203 1413 340 1474 poenam
362 1395 501 1476 iniungit
523 1397 552 1456 ei
576 1396 630 1476 qui
653 1406 761 1456 centra
783 1396 885 1476 legem
909 1393 998 1456 iecit:
1034 1395 1136 1479 qualis
1159 1406 1207 1458 est
1226 1410 1240 1457 tt

109 1481 175 1542 lex
197 1481 291 1542 Furia
313 1483 566 1562 testamentaria,
597 1499 678 1561 quae
701 1482 773 1562 plus
796 1500 891 1562 quam
913 1481 999 1544 mille
1020 1483 1137 1543 assium
1160 1483 1208 1550 Ιο-Ι

111 1576 231 1647 gatum
260 1568 410 1629 mortisue
441 1587 532 1630 causa
563 1566 715 1649 prohibet
738 1586 869 1648 capere,
903 1577 1031 1648 praeter
1060 1576 1208 1650 exceptas

111 1671 286 1734 personas,
313 1661 343 1714 et
365 1653 520 1716 aduersus
544 1673 616 1715 eum
639 1654 694 1734 qui
717 1654 789 1734 plus
811 1655 930 1733 ceperit
946 1653 1116 1734 quadrupli
1131 1673 1209 1734 pce-

111 1756 193 1800 nam
217 1739 391 1802 constituit.
1098 1793 1108 1810 .

64 1831 87 1892 3
209 1825 276 1886 Lex
297 1836 351 1890 aut
375 1835 518 1906 rogatur,
546 1824 579 1886 id
603 1835 650 1887 est
672 1824 791 1903 fertur,
817 1833 870 1886 aut
891 1824 1078 1906 abrogatur,
1104 1825 1138 1886 id
1161 1833 1208 1886 est
1227 1839 1258 1884 44

113 1911 211 1992 prior
233 1911 286 1972 lex
308 1912 445 1990 tollitur,
475 1922 528 1973 aut
551 1911 736 1993 derogatur,
770 1909 804 1972 id
827 1922 874 1974 est
897 1930 971 1992 pars
993 1912 1113 1992 primae
1135 1911 1208 1993 lepis

114 1996 256 2076 tollitur,
282 2007 336 2059 aut
359 1998 558 2078 subrogatur,
585 1997 618 2059 id
641 2008 689 2060 est
703 1997 839 2059 adicitur
854 1997 976 2078 aliquid
991 1999 1113 2078 primae
1130 1998 1205 2078 legi,

117 2091 177 2144 aut
199 2081 383 2163 obrogatur,
409 2084 442 2146 id
465 2094 512 2146 est
535 2093 675 2146 mutatur
697 2083 819 2163 aliquid
842 2103 882 2146 ex
903 2085 1006 2164 prima
1027 2085 1119 2163 lege.
1140 2130 1147 2143 .
1169 2130 1176 2144 .
1198 2129 1206 2144 .

73 2177 93 2234 4
209 2171 307 2231 Mores
329 2182 403 2233 sunt
425 2172 539 2232 tacitus
562 2188 735 2232 consensus
749 2170 859 2251 populi
874 2170 966 2250 longa
981 2169 1208 2233 consuetudine

118 2257 330 2318 inueteratuS.
1228 2269 1259 2322 44

539 2395 560 2472 [1
592 2413 629 2454 nn
651 2393 793 2475 arauiris]

3 2502 15 2616 ,¹
80 2519 100 2578 5
210 2505 407 2577 Libertorum
431 2532 547 2599 genera
571 2523 645 2576 sunt
667 2515 737 2594 tria,
764 2515 851 2576 ciues
873 2514 1013 2593 Romani,
1040 2511 1141 2576 Latini
1157 2515 1209 2577 lu-

123 2601 222 2677 niani,
249 2599 471 2661 dediticiorum
494 2619 639 2661 numero.

87 2692 105 2750 6
211 2685 304 2750 Ciues
320 2686 449 2747 Romani
464 2696 538 2748 sunt
553 2685 671 2764 liberti,
697 2687 752 2765 qui
773 2685 912 2768 legitime
927 2687 1206 2762 manumiserunt,

9 2767 13 2852 ¹,
126 2772 157 2832 id
179 2781 223 2834 eat
242 2773 381 2834 uindicta
403 2779 457 2834 aut
479 2791 578 2834 censu
600 2783 654 2834 aut
677 2780 873 2848 testamento,
903 2772 990 2832 nullo
1013 2771 1083 2833 iure
1106 2772 1209 2851 impe-
1227 2786 1258 2832 ac

13 2871 14 2874 ’
90 2857 244 2921 idiente.
290 2858 434 2920 Vindicta
465 2859 732 2921 manumittuntur
757 2857 843 2937 apud
865 2858 1082 2936 magistratum
1101 2858 1210 2938 pupuli

92 2948 110 3006 8
129 2947 263 3022 Romani,
281 2945 370 3010 uelut
386 2945 546 3006 consulem
557 2953 770 3025 praetereunte
784 2943 834 3004 uel
845 2943 1077 3023 proconsulem.
1104 2943 1209 3006 Censu

130 3030 429 3092 manumittebantur
459 3031 530 3092 clim
559 3032 614 3109 qui
638 3030 760 3092 lustrali
783 3048 881 3090 censu
903 3030 1018 3089 Romae
1042 3029 1129 3090 iussu
1153 3029 1211 3094 dc-

136 3183 523 3198 ixmmmmvwwmflaxmttlvtlu
535 3185 544 3194 α
557 3184 636 3196 navtur
645 3184 699 3196 (mm
710 3185 730 3194 ris
744 3186 754 3194 tx
781 3183 798 3194 ’.ν’
812 3183 843 3194 xm«
854 3184 859 3192 ι
872 3183 897 3190 αι
944 3185 961 3194 «i
975 3184 1012 3193 tvx
1041 3185 1051 3194 υ
1063 3183 1203 3196 ΛμΛΛΛΛΛΛΛ

197 3275 206 3319 4
228 3273 331 3322 titulum
348 3275 433 3334 operis
451 3273 616 3333 suppeditent
632 3270 781 3333 [repetente
793 3283 859 3330 cuae
871 3272 899 3318 ic
912 3270 972 3333 Dip.
987 3276 1011 3320 ct
1025 3269 1087 3322 Geli.
1104 3275 1209 3322 extuat:

136 3341 199 3392 utut
212 3355 242 3390 ex
254 3327 369 3406 ccipere
381 3341 484 3404 ulpiani
502 3341 521 3391 C
543 3337 553 3407 ΙΙ
576 3343 660 3389 2-ta
673 3341 702 3388 tn
717 3339 736 3390 G
744 3344 804 3400 post
812 3351 840 3399 p.
857 3343 882 3398 6,
895 3342 908 3386 ³
923 3338 1066 3390 confirmat
1078 3342 1209 3404 leputatur,

135 3410 165 3472 ci.
176 3409 255 3472 praef.
265 3424 294 3472 p.
310 3413 323 3458 3
348 3407 358 3476 ΙΙ
382 3414 396 3458 2
409 3416 470 3460 unte
480 3407 609 3474 prohibet
619 3408 675 3470 sere
688 3409 752 3458 tatia
763 3409 907 3469 supplenda
920 3413 996 3460 auct:
1009 3409 1081 3472 leges
1091 3413 1138 3460 aut
1146 3423 1211 3474 per-

138 3476 214 3530 iectee
226 3483 287 3529 sunt
298 3482 345 3530 eut
357 3477 531 3543 imperfectae
544 3481 591 3528 aut
603 3478 693 3527 minus
706 3491 788 3540 quam
800 3476 945 3540 perfectae.
976 3477 1095 3542 perfecta
1113 3478 1157 3528 lex
1169 3483 1212 3530 est

140 3583 198 3597 ....
216 3547 369 3612 imperfecta
382 3548 426 3598 lex
438 3550 488 3606 est,
509 3561 578 3612 quae
591 3546 649 3596 fieri
662 3545 766 3610 aliquid
784 3548 867 3606 uetat,
888 3559 940 3596 nec
958 3549 1049 3598 tamen
1068 3549 1089 3597 si
1108 3545 1213 3598 iactum

140 3616 177 3675 sit,
195 3617 336 3668 rescindit:
358 3617 447 3681 qualis
457 3619 498 3666 est
511 3617 554 3666 lex
566 3616 670 3676 cincta,
691 3628 761 3679 quae
798 3615 840 3665 lus
859 3628 961 3679 quam.
978 3653 984 3665 .
1002 3655 1008 3667 .
1023 3616 1125 3666 donare
1144 3629 1215 3679 pro·

141 3681 206 3736 hibet
230 3681 240 3751 ΙΙ
267 3685 397 3750 cognatis]
417 3685 528 3748 fortusse
539 3684 619 3746 [444444
630 3684 756 3748 personis
778 3629 1013 3750 dereseindetc
1037 3681 1048 3750 ss
1077 3685 1217 3737 trescin-

142 3753 211 3805 dett
240 3751 249 3821 i}
282 3756 420 3805 tascium
438 3755 557 3817 legatum
573 3753 601 3814 C,
622 3766 697 3804 asses
716 3753 798 3816 legati
815 3753 932 3804 Hueetke
966 3749 976 3818 ΙΙ
1011 3752 1175 3817 tpoenaG

146 3826 169 3870 tt
186 3823 231 3886 lex]
249 3825 315 3874 exc
343 3822 353 3889 ΙΙ
383 3828 409 3871 44
433 3825 537 3888 primae
549 3823 616 3885 legis
632 3823 761 3881 Guiacius,
780 3822 905 3887 primaG
931 3819 942 3887 ΙΙ
973 3825 1003 3870 ta
1023 3821 1175 3884 abrogati)

147 3894 180 3942 tt.
195 3897 220 3940 tt
236 3895 310 3943 indict
321 3895 488 3944 rubricarum
497 3894 712 3954 praemittuntur,
734 3892 766 3955 cf.
778 3891 864 3953 praes.
877 3895 934 3951 pt
964 3886 975 3956 ΙΙ
1004 3893 1035 3939 44
1055 3891 1179 3941 moriac

148 3963 173 4008 u
188 3962 335 4012 manumissi
356 3999 362 4012 .
379 3998 385 4011 .
402 3997 407 4010 .
430 3964 460 4010 20
480 3961 603 4012 uindicta
621 3963 668 4012 aut
684 3963 713 4009 tn
729 3961 748 4012 G
765 3962 861 4010 meista
879 3961 942 4010 duce
956 3957 1022 4010 cato
1035 3965 1059 4021 4,
1075 3960 1106 4008 47
1119 3958 1232 4028 addita

148 4035 197 4080 auat
219 4027 228 4096 ΙΙ
252 4034 278 4080 at
300 4029 394 4095 populi
409 4067 415 4079 .
431 4068 438 4081 .
455 4069 461 4080 .
476 4034 508 4080 44
521 4033 711 4095 praetcremue
723 4031 768 4079 uel
782 4029 940 4088 Lachmann,
960 4027 1145 4092 praeturimue
1159 4043 1236 4090 ue„

150 4096 182 4146 lut
191 4100 315 4150 consulem
331 4098 351 4150 G
