2926 4888
171 295 173 300 '
265 265 445 374 oegraauns
645 343 732 356 ..-
778 309 838 370 166
884 343 965 354 ...-

273 557 284 596 ⁴
552 563 778 628 TRACTATVS
801 567 853 628 DE
876 563 1067 628 Guluiovs

379 711 501 766 ¹Incerti
523 712 650 766 auctoris
672 713 810 765 tractatus
833 708 869 764 de
891 706 1028 778 gradibus
1050 711 1101 778 qui
1123 711 1257 780 sequitur
1278 712 1307 765 in

312 794 460 854 codicibus
487 796 609 852 Notitiae
638 795 807 866 dignitatum
835 796 987 866 utriusque
1015 795 1128 864 imperii
1155 793 1225 851 huic
1253 798 1307 868 ipsi

312 883 435 938 Notitiae
450 883 626 952 praemissus
642 881 756 952 iegitur.
787 882 899 951 primus
915 896 982 936 eum
997 881 1149 937 Eduardus
1164 881 1307 952 Boeclring

313 985 329 1024 e
353 966 501 1025 codicibus
523 968 674 1024 Parisiensi
698 970 774 1024 9661
803 982 880 1023 saec.
900 967 951 1021 XV
973 974 1002 1023 et
1023 967 1186 1023 llonacensi
1205 971 1300 1026 total

312 1071 391 1112 saec.
416 1055 479 1110 XVI
508 1053 597 1110 edidit
631 1047 750 1128 (leiani
778 1052 935 1123 fragmenta
957 1052 1005 1108 ed.
1030 1053 1066 1108 iv
1088 1053 1199 1123 Lipsiae
1226 1059 1306 1112 ⁴855

313 1157 342 1211 p.
373 1143 447 1210 toa,
482 1140 520 1195 cl,
546 1140 657 1208 Corpus
679 1139 752 1195 luris
775 1139 893 1196 Romani
915 1137 1135 1196 Anteiustiniani
1157 1139 1308 1196 Bonnense

312 1227 371 1282 uol.
391 1226 445 1298 lp.
469 1219 554 1301 rut).
593 1227 656 1296 ipse
678 1225 734 1282 hoc
757 1241 832 1282 anno
848 1225 979 1281 lionacbi
1000 1230 1059 1281 tam
1081 1225 1159 1283 hunc
1178 1225 1321 1299 codicem„

313 1327 400 1384 quam
415 1313 614 1368 llouacensem
631 1315 691 1368 aaa
708 1327 784 1367 saec.
800 1311 863 1367 XVI
877 1312 996 1367 contuli.
1319 1309 1322 1315 '

709 1514 747 1556 Dii
770 1514 909 1556 Granicus

236 1617 247 1674 ι
358 1614 481 1676 Gradus
502 1615 723 1694 cognationum
745 1615 948 1696 appellantur
964 1614 1004 1677 ab
1021 1634 1074 1694 eo,
1098 1615 1184 1695 quod
1199 1635 1354 1697 personae

272 1711 474 1782 cognatorum
494 1701 573 1763 aliae
595 1701 803 1782 proximiore,
835 1701 914 1762 aliae
941 1700 1081 1780 longiore
1105 1700 1205 1782 gradu
1227 1710 1302 1764 sunt
1324 1711 1356 1764 et
1453 1715 1454 1718 ’

235 1788 312 1849 iob
336 1787 368 1850 id
390 1789 481 1868 quasi
504 1786 659 1867 gradatim
680 1786 779 1850 altera
794 1787 925 1848 alteram
940 1786 1109 1849 antecedit.
1145 1787 1264 1850 Omnes
1278 1807 1356 1868 per·
1453 1833 1454 1836 η

272 1893 367 1936 sonae
392 1883 593 1953 cognatorum
621 1881 675 1934 aut
702 1892 798 1953 supra
827 1883 1034 1935 numerantur
1059 1881 1113 1934 aut
1134 1872 1217 1935 inira
1240 1885 1294 1936 aut
1316 1893 1357 1936 ex
1453 1879 1454 1882 ’

272 1970 455 2022 transuerso
470 1961 539 2021 siue
555 1977 573 2019 a
588 1959 699 2020 latere.
739 1977 837 2040 supra
859 1968 1068 2020 numerantur
1082 1969 1247 2039 parentes,
1274 1960 1357 2022 inira
1375 1973 1390 2016 a

273 2046 376 2126 liberi,
398 2066 438 2107 ex
452 2056 634 2108 transuerso
650 2047 718 2107 siue
733 2064 751 2106 a
767 2046 865 2107 latere
882 2043 995 2106 fratres
1011 2053 1042 2106 et
1057 2064 1179 2107 sorores
1194 2044 1357 2126 liberique
1453 2077 1454 2086 ι

274 2129 398 2212 eorum,
424 2133 500 2193 item
522 2132 702 2212 parentium
724 2129 836 2193 iratres
861 2140 893 2193 et
914 2151 1036 2194 sorores
1059 2130 1215 2212 liberique
1233 2151 1354 2194 eorum.

192 2220 210 2278 3
237 2220 253 2278 l
275 2219 378 2279 Primo
398 2217 498 2298 gradu
519 2235 615 2298 supra
637 2227 730 2298 pater
746 2227 778 2278 et
793 2226 910 2296 mater,
936 2216 1019 2278 inira
1034 2217 1118 2280 filius
1133 2228 1165 2278 ct
1180 2218 1255 2279 iilia.
1297 2219 1360 2280 Se·

274 2303 378 2365 cundo
400 2323 496 2383 supra
517 2321 596 2364 auus
619 2305 707 2381 auia,
736 2302 818 2364 inira
843 2322 940 2383 nepos
963 2305 1086 2384 neptis,
1111 2322 1152 2365 cx
1172 2313 1359 2366 transuerso
1453 2377 1454 2384 ἵ

237 2391 255 2450 5
275 2389 373 2452 irater
389 2398 419 2451 et
434 2408 537 2450 soror:
556 2389 631 2450 hinc
646 2390 730 2450 onim
746 2399 950 2452 transuersus
966 2390 1077 2469 incipit
1092 2389 1221 2468 gradus.
1253 2392 1359 2452 Tertio
1380 2402 1409 2446 to
1453 2393 1454 2410 ¹

275 2495 371 2557 supra
385 2494 524 2556 proauus
539 2476 684 2556 proauia,
711 2475 791 2538 inira
812 2494 969 2557 pronepos
990 2477 1169 2556 proneptis:
1196 2495 1237 2537 ex
1251 2487 1361 2539 trans·

274 2581 367 2625 uerso
390 2560 496 2624 fratris
516 2571 548 2622 et
568 2561 682 2624 sororis
704 2563 787 2624 filius
807 2571 839 2623 et
860 2562 939 2641 lilia,
964 2571 1095 2642 patruus
1117 2562 1230 2640 amita,
1256 2561 1360 2624 idest

274 2650 374 2730 patris
389 2648 488 2710 frater
503 2657 535 2710 et
550 2666 646 2726 soror,
667 2648 843 2710 auunculus
859 2655 1033 2726 matertera,
1055 2646 1089 2708 id
1104 2656 1152 2709 est
1167 2649 1278 2710 matris
1293 2647 1362 2709 fra-

237 2737 256 2795 o
274 2746 324 2797 ter
338 2743 370 2797 et
384 2753 482 2797 soror.
508 2735 624 2807 Quarto
645 2753 739 2813 supra
754 2733 876 2795 abauus
891 2733 1021 2813 abania,
1048 2733 1129 2795 inira
1144 2733 1285 2815 abnepos
1300 2733 1362 2795 ab-

275 2822 396 2902 neptis:
422 2840 463 2884 ex
484 2829 666 2882 transuerso
684 2819 790 2882 iratris
813 2830 845 2881 et
860 2821 975 2882 sororis
990 2839 1088 2899 nepos
1105 2829 1136 2881 et
1152 2821 1274 2900 neptis:
1300 2840 1362 2900 pa·
1382 2831 1411 2876 ts

274 2918 366 2970 truus
388 2925 520 2987 magnus
543 2916 574 2967 ct
596 2907 690 2967 amita
716 2924 843 2986 magna,
877 2905 910 2967 id
931 2916 978 2968 εει
997 2906 1050 2967 aui
1074 2904 1171 2968 irater
1193 2915 1225 2967 ct
1250 2925 1358 2968 soror:

276 2994 455 3057 auunculus
477 3011 611 3072 magnus
632 3001 801 3054 matertera
824 3010 951 3072 magua,
978 2991 1012 3053 id
1034 3002 1082 3054 est
1102 2993 1192 3053 auiae
1212 2990 1312 3054 irater
1329 3002 1364 3054 et

276 3098 380 3141 soror:
407 3077 614 3164 consobrinus
637 3076 838 3156 consobrina,
866 3077 899 3139 id
921 3079 1041 3158 estqui
1057 3096 1181 3158 quaeue
1197 3097 1237 3139 ex
1252 3077 1363 3139 iratri-

277 3165 337 3227 bus
353 3173 407 3228 aut
421 3163 582 3226 sororibus
598 3175 652 3226 aut
667 3162 763 3225 iratre
780 3175 811 3226 et
826 3183 931 3225 sorore
946 3174 1210 3244 progenerantur.
1255 3165 1363 3225 scien-

277 3251 354 3314 dum
369 3261 475 3312 tamen
490 3251 619 3331 proprie
635 3248 838 3313 consobrinos
853 3251 1005 3330 appellari
1021 3269 1085 3329 coe,
1106 3250 1163 3330 qui
1178 3269 1220 3312 ex
1235 3249 1363 3312 duabus
1381 3259 1413 3305 ιι

277 3337 438 3399 sororibus
458 3337 524 3398 nati
546 3346 635 3413 sunt,
661 3337 750 3415 quasi
773 3337 1006 3415 consororinos,
1033 3355 1085 3397 cos
1100 3345 1223 3414 autem,
1247 3338 1363 3416 quiex

277 3421 403 3486 duobus
419 3420 570 3482 iratribus
585 3424 741 3501 procreati
756 3432 840 3500 sunt,
859 3421 972 3483 iratres
983 3422 1146 3504 patrueles
1161 3423 1285 3502 uocari,
1306 3441 1363 3484 eos

277 3529 372 3588 uero,
397 3509 452 3589 qui
475 3526 514 3569 ex
535 3507 632 3568 fratre
655 3517 686 3569 et
701 3527 808 3570 sorore
825 3517 1010 3585 nascuntur,
1035 3509 1180 3569 amitinos
1196 3506 1270 3570 dici.
1303 3510 1363 3570 hoc

280 3717 329 3730 ΛΛΙΧ,

348 3855 523 3917 'tparentum
536 3852 637 3902 Monac.
654 3854 732 3899 tosti
766 3850 777 3913 11
808 3855 838 3899 ιι
857 3854 971 3915 patruus
983 3851 1102 3900 elamita
1115 3851 1201 3902 Paris.
1236 3849 1248 3914 ΙΙ
1286 3853 1315 3899 ιιι
1335 3853 1365 3902 ει

279 3936 328 3972 om.
344 3923 446 3972 Monac,
460 3923 538 3969 ιιιιι
567 3921 577 3984 ΙΙ
601 3922 656 3970 mat
673 3921 743 3970 rtera
756 3933 854 3982 magna
867 3919 894 3969 id
908 3924 947 3970 est
959 3921 1058 3970 codices
1086 3918 1097 3981 ll
1128 3921 1158 3967 tr
1172 3918 1366 3970 abnuunculus

278 3994 376 4042 codices
416 3989 427 4052 ΙΙ
470 3993 500 4038 tt
520 3933 683 4054 generantrb·
695 3990 797 4039 Monac.
811 3990 860 4039 tat
902 3988 913 4050 ιι
955 3991 986 4037 at
1005 3987 1135 4038 iratribus
1149 3991 1287 4052 procreati
1300 3993 1365 4038 sunt

280 4061 381 4110 Monac.
403 4061 468 4118 rot,
498 4059 635 4123 procreati
657 4056 786 4108 iratribus
810 4060 873 4107 sunt
896 4059 999 4117 Paris,
1031 4055 1160 4108 iratribus
1183 4060 1366 4122 procreantur

281 4130 382 4179 Monac.
399 4131 477 4177 ιιιιιι
511 4128 522 4191 l}
550 4126 646 4178 iratres
658 4130 685 4177 et
696 4129 764 4192 patr.
780 4127 878 4176 codices
907 4126 918 4189 ΙΙ
947 4130 979 4175 13
1000 4129 1147 4176 nascantur
1161 4127 1260 4177 codices
