2922 4898
477 355 563 368 —-
609 323 644 383 ii
690 357 777 370 --
1037 325 1168 390 le.5.6

81 511 191 571 Latina
210 510 338 572 Latinus
360 512 501 573 nascitur
523 519 556 572 et
577 529 616 572 ex
637 511 737 573 libero
760 520 791 573 et
806 511 918 574 ancilla
934 532 1064 592 seruus,
1089 532 1170 594 quo-

80 598 179 672 niam,
199 614 273 656 cum
290 596 339 657 his
354 594 479 658 casibus
495 596 628 658 conubia
645 616 707 658 non
723 599 797 676 sint,
818 608 928 677 partus
943 600 1089 680 sequitur
1103 618 1171 660 ma-

21 681 61 742 to
81 690 176 743 trem.
213 682 324 760 inuis,
343 683 399 761 qui
415 683 485 743 iure
502 691 660 745 contracto
675 685 872 745 matrimonio
887 694 1075 764 nascuntur,
1094 705 1169 746 oon·

82 769 241 848 ceptionis
262 777 387 848 tempus
409 778 578 848 spectatur:
604 771 638 830 in
661 769 709 831 his
731 779 852 848 autern,
879 773 934 850 qui
952 789 1015 832 non
1030 772 1169 851 legitime

81 855 324 933 concipiuntur,
351 852 510 916 editionis.
543 855 644 917 ueluti
661 856 686 916 si
702 857 815 918 aneilla
830 859 1026 936 conceperit,
1052 856 1169 919 deinde
1189 869 1203 915 ε

82 942 279 1002 manumissa
294 941 406 1020 pariat,
425 940 562 1002 liberum
577 943 674 1022 parit:
700 961 773 1002 nam
789 943 936 1022 quoniam
951 962 1014 1004 non
1030 944 1168 1023 legitime

82 1027 244 1106 concepit,
264 1046 335 1088 oum
352 1026 500 1088 editionis
515 1036 656 1106 tempore
671 1027 771 1090 libera
788 1030 844 1107 sit,
863 1038 972 1108 partus
987 1047 1113 1110 quoque
1129 1030 1169 1089 li-

80 1112 142 1174 ber
158 1123 218 1174 est.

488 1284 529 1366 [vr
572 1304 609 1344 nn
631 1284 766 1366 norrnvs]

11 1401 18 1464 Ι
45 1405 63 1466 2
169 1405 231 1466 Dos
247 1413 300 1466 aut
316 1403 409 1465 datur
424 1412 478 1466 aut
495 1402 612 1468 dicitur
627 1407 680 1467 aut
694 1406 899 1484 promittitur.
935 1407 1045 1469 Dotem
1061 1405 1168 1490 dicere
1189 1417 1219 1462 ιο

82 1500 187 1572 potest
208 1491 323 1552 mulier
344 1509 425 1570 quae
448 1501 586 1570 nuptura
602 1500 650 1552 est
666 1502 697 1552 et
713 1491 838 1553 debitor
853 1492 1011 1571 mulieriS‚
1037 1495 1065 1554 si
1080 1493 1170 1554 iussu

83 1579 155 1639 eius
178 1576 280 1638 dicat:
314 1577 383 1637 item
404 1595 520 1656 parens
543 1577 686 1639 mulieris
708 1579 813 1640 uirilis
839 1597 934 1640 sexus
960 1598 1019 1659 per
1044 1579 1170 1640 uirilem

83 1683 197 1725 sexum
212 1663 393 1743 cognatione
409 1663 551 1741 iunctus,
575 1665 665 1725 uelut
687 1673 778 1744 pater
799 1683 877 1728 auus
892 1673 1053 1744 paternus.
1093 1663 1170 1726 darc

83 1751 270 1830 promittere
286 1748 391 1810 dotem
407 1767 517 1810 omnes
532 1759 675 1829 possunt.

46 1837 63 1897 3
170 1835 234 1906 Dos
253 1842 307 1896 aut
326 1832 508 1914 proiecticia
530 1834 661 1912 dicitur,
689 1835 722 1896 id
744 1844 791 1897 εει
811 1853 906 1915 quam
922 1843 1011 1916 pater
1026 1836 1169 1897 mulieris
1189 1845 1220 1891 ιε

84 1920 190 1998 dedit,
209 1931 264 1982 aut
279 1919 473 1997 aduenticia,
492 1919 526 1982 id
542 1931 589 1982 est
605 1941 639 1982 ea
657 1940 739 2001 quae
755 1941 771 1982 a
788 1923 901 2001 quouis
917 1921 977 1982 alio
993 1920 1065 1983 data
1082 1930 1137 1983 est.
1241 1945 1245 1958 ’

47 2013 64 2071 l
171 2009 290 2069 Mortua
313 2008 344 2067 in
370 2007 567 2067 matrimonio
591 2008 724 2069 muliere
746 2007 802 2068 dos
825 2027 843 2069 a
865 2017 955 2088 patre
977 2007 1116 2086 proiecta
1131 2007 1170 2069 ad

83 2104 207 2174 patrem
223 2093 406 2171 reuertitur,
426 2093 545 2172 quintis
561 2095 593 2155 in
610 2094 749 2173 singulos
766 2093 883 2155 liberos
899 2095 931 2155 in
949 2093 1107 2156 infinitum
1120 2114 1171 2156 re-

83 2181 170 2241 lictis
185 2198 284 2260 penes
300 2180 416 2240 uirum.
457 2179 543 2258 quod
559 2183 585 2241 si
601 2192 690 2260 pater
706 2199 768 2241 non
784 2181 836 2258 sit,
855 2179 940 2260 apud
956 2181 1104 2242 maritum
1119 2199 1172 2241 re-

49 2271 66 2330 5
85 2276 206 2327 manet.
253 2263 439 2326 Adueuticia
469 2275 573 2327 autem
601 2265 657 2327 dos
679 2285 805 2346 semper
826 2284 924 2345 penes
948 2267 1096 2328 maritum
1119 2285 1171 2328 re·
1191 2275 1221 2333 it

85 2361 210 2424 manet,
228 2359 452 2431 praeterquam
468 2353 494 2412 si
511 2353 538 2412 is
554 2353 610 2432 qui
627 2351 728 2430 dedit,
752 2362 788 2414 ut
803 2351 864 2413 sibi
881 2352 1088 2431 redderetur,
1114 2353 1172 2413 sti-

85 2439 214 2518 pulatus
230 2435 338 2498 fircrit:
360 2456 441 2517 quae
459 2436 514 2499 dos
530 2439 710 2518 specialiter
726 2439 894 2518 recepticio
909 2437 1036 2500 dicitur.

50 2530 67 2588 6
172 2523 315 2584 Diuortio
339 2522 437 2602 iacto,
462 2525 489 2584 si
510 2523 639 2603 quidem
660 2525 710 2587 sui
726 2525 804 2587 iuris
820 2526 860 2586 sit
876 2525 1005 2600 mulier,
1030 2525 1099 2604 ipsa
1114 2524 1172 2585 ha-

86 2611 140 2672 bet
155 2610 206 2670 rei
218 2610 352 2671 uoeorioe
366 2611 535 2688 actionem,
562 2609 596 2672 id
611 2619 659 2672 est
674 2609 756 2672 dotis
772 2612 1003 2691 repetitionem.
1044 2609 1129 2691 quod
1145 2612 1171 2671 si

87 2699 120 2757 in
142 2703 299 2776 potestate
322 2698 420 2775 patris
443 2696 502 2774 sit,
527 2705 619 2776 pater
641 2696 792 2758 adiuncto
816 2697 898 2758 filiae
921 2715 1054 2776 persona
1078 2695 1172 2758 habet
1191 2706 1223 2751 ιι

87 2783 242 2844 actionem
266 2783 315 2842 ret'
335 2783 488 2843 uxoriae:
520 2801 579 2843 nec
605 2783 754 2859 interest,
785 2781 965 2844 aduenticia
988 2784 1030 2843 sit
1052 2780 1108 2843 dos
1131 2801 1170 2843 an

51 2867 282 2949 iprniecticia.
330 2868 403 2928 Post
430 2867 601 2930 diuortium
627 2866 775 2929 defuncta
802 2868 933 2930 muliere
962 2865 1072 2929 heredi
1103 2869 1172 2929 eius

86 2956 167 3016 actio
183 2972 247 3015 non
263 2953 356 3016 aliter
371 2952 481 3033 datur,
506 2973 601 3035 quam
622 2955 649 3016 si
670 2973 789 3015 moram
811 2955 845 3014 in
868 2952 939 3015 dote
956 2953 1080 3014 mulieri
1098 2951 1173 3014 red-

86 3040 193 3104 denda
209 3041 341 3102 maritus
356 3038 479 3101 iecerit.

52 3132 69 3190 8
172 3127 235 3187 Dos
251 3128 277 3187 si
292 3124 434 3205 pondere
450 3145 580 3189 numero
595 3144 743 3188 mensura
758 3127 973 3203 contineatur,
998 3143 1103 3188 annua
1122 3126 1173 3188 bi·
1192 3135 1222 3180 ιι

88 3232 136 3275 ma
152 3215 250 3274 trima
265 3211 317 3272 die
333 3210 494 3291 redditur,
519 3213 581 3274 nisi
600 3212 626 3274 si
647 3222 683 3274 ut
705 3231 858 3293 praesens
879 3210 1033 3274 reddatur
1055 3230 1173 3274 conue-

12 3335 13 3338 =
88 3301 183 3361 uerit.
218 3299 359 3377 reliquae
376 3296 465 3359 dotes
481 3301 587 3360 statim
603 3297 794 3361 redduntur.

12 3387 13 3470 ζ
53 3391 70 3449 9
107 3447 110 3454 ,
174 3385 377 3446 Retentiones
398 3404 439 3446 ex
459 3384 531 3447 dote
548 3384 628 3446 fiunt
644 3392 836 3465 outproptcr
852 3384 962 3446 liberos
977 3393 1031 3446 aut
1047 3393 1174 3465 propter

87 3527 92 3533 ⁴
102 3526 108 3535 1
117 3522 328 3536 NRMIVVNNWWx
335 3521 357 3534 *v*
541 3520 917 3534 ΧΑΛΛΛΛΛΛΛΛΜΛΛΛΛΛΛΛΙΚΛΑΛΛ

155 3589 305 3654 εεεᾳυίθ
330 3586 340 3656 ll
367 3588 635 3640 amatrimoniumc
657 3586 668 3652 ΙΙ
697 3592 833 3654 itempus
846 3591 986 3654 spectatur
1002 3589 1089 3649 lilius,
1103 3591 1173 3639 tern-
1215 3647 1217 3651 ¹

87 3674 153 3726 pore
170 3659 365 3724 exceptaturc
392 3655 402 3725 ll
433 3662 463 3707 ιι
482 3659 667 3724 proemittitur
688 3658 720 3710 σε
753 3655 763 3725 [Ι
800 3661 830 3706 tt
850 3660 914 3708 item
932 3659 1074 3717 Akooder,
1094 3659 1173 3707 insti-

87 3733 161 3781 tutus
177 3729 375 3790 Glpermototis
388 3729 466 3787 notis)
495 3724 506 3795 ΙΙ
537 3731 567 3776 45
586 3727 642 3790 aut]
662 3727 789 3779 autemc
822 3723 832 3792 ΙΙ
867 3731 897 3776 ιι
915 3732 974 3789 post
986 3726 1100 3776 muliere
1111 3725 1174 3775 loc

13 3837 14 3840 ,
88 3801 151 3849 oliui
170 3811 291 3858 erasum,
316 3797 361 3846 sed
376 3802 486 3858 proptor
502 3797 668 3846 membrum
685 3799 778 3847 citium
794 3809 908 3846 oemunt
925 3798 1039 3858 matrem
1054 3794 1173 3844 relictam

89 3874 126 3919 cot
154 3865 165 3934 ΙΙ
194 3870 226 3914 22
246 3864 331 3916 iuitG
356 3861 367 3932 ll
396 3868 426 3914 ιι
447 3867 487 3915 rei
499 3866 610 3915 uxoriae
624 3865 715 3924 Faber,
732 3864 819 3915 coac
844 3861 855 3930 ll
883 3863 1026 3915 actioneC
1053 3859 1063 3928 ΙΙ
1092 3862 1174 3913 idest

13 3951 15 3988 l
89 3937 116 3987 d.
131 3950 188 4000 rep.
205 3936 253 3985 dol.
268 3935 351 3984 Faber
375 3931 386 4000 ll
412 3934 638 3985 naadiunetaoc
662 3931 672 3999 ΙΙ
700 3938 732 3983 26
744 3935 784 3984 rei
795 3935 907 3983 uxoriae
922 3932 1051 3990 Goioaiua,
1067 3945 1095 3980 re
1106 3939 1173 3980 uera

13 3993 15 4034 l
93 4007 378 4066 Clontispermototia)
407 4001 418 4070 ΙΙ
448 4007 479 4052 27
497 4003 675 4054 mulieremd
699 4001 709 4068 ΙΙ
739 4001 964 4052 ειιιιιιηεειιιηθ
991 3997 1001 4066 ΙΙ
1030 4003 1058 4049 at
1081 3999 1170 4061 trima]

13 4073 14 4112 l
89 4075 169 4124 trima
280 4071 798 4134 a(sicoocuospotioootearelicto)G
824 4067 835 4137 ΙΙ
864 4071 908 4120 die
921 4068 1084 4120 reddeturc
1111 4065 1122 4133 ΙΙ
1151 4070 1172 4117 si

90 4157 139 4193 orn.
157 4143 190 4193 0²
217 4139 227 4207 ΙΙ
257 4146 288 4190 38
303 4143 474 4191 retenteones
490 4140 523 4192 0⁸
545 4137 555 4207 ΙΙ
584 4139 866 4205 eutpropterliberos
883 4137 969 4195 lilius,
984 4137 1071 4188 cmc
