2926 4888
256 305 460 368 raur.1v,a.o
636 339 723 352 ...-
756 306 829 382 404
871 339 958 357 ..-

256 494 345 556 ciuili
355 494 532 556 Voconiena
547 493 668 556 ratione
680 492 810 556 uidetur
819 495 976 558 ellectum.
1001 503 1144 557 ceterum
1156 494 1350 558 lexduode-

153 577 320 662 attatleim
335 578 516 642 tabularum
532 579 620 642 nulla
641 579 830 642 discretione
846 599 942 644 sexus
957 590 1104 662 cognatos
1119 579 1271 644 admittit.
1309 581 1346 642 ln

257 664 434 728 hereditate
449 665 591 746 legitima
605 667 796 728 successioni
812 668 899 729 locus
921 686 983 729 non
1000 676 1058 730 est.
1106 676 1137 728 et
1156 666 1230 728 ideo
1246 665 1346 728 tratre

257 749 449 828 decedente,
468 751 638 832 antequam
654 750 749 815 adeat
763 762 817 814 eut
832 753 980 834 repudiet
996 752 1217 831 hereditatem,
1236 751 1347 814 fratris

257 837 341 899 filius
364 836 486 900 admitti
510 857 572 900 non
594 847 714 918 potest,
744 838 819 918 quia
841 840 955 902 omissa
976 840 1132 902 successio
1158 838 1345 917 proximiori
1365 850 1385 896 s

155 921 410 1006 44424440404444,
457 921 506 986 Ab
526 921 669 986 hostibus
684 932 795 1004 captus
811 942 915 1004 neque
936 927 987 988 sui
1001 943 1107 1006 neque
1131 925 1265 1006 legitimi
1288 924 1349 985 he-
1389 961 1392 966 -

258 1008 344 1071 redis
365 1011 414 1072 ius
437 1009 553 1072 amittit
579 1009 770 1090 postliminio
793 1029 954 1074 reuersus.
1009 1010 1094 1090 quod
1116 1020 1147 1072 et
1167 1013 1253 1073 eirea
1278 1029 1344 1089 eos,
1452 1057 1453 1088 ,

258 1096 313 1176 qui
330 1096 362 1159 in
379 1096 514 1156 insulam
530 1094 742 1175 deportantur
752 1097 806 1158 uel
818 1097 903 1158 serui
918 1116 1039 1177 poenae
1051 1097 1155 1160 effecti
1170 1105 1256 1175 sunt,
1275 1095 1349 1176 pla-

159 1205 164 1220 4
258 1183 321 1243 0444
342 1180 522 1260 obseruari,
550 1181 576 1242 si
600 1201 657 1261 per
678 1184 783 1244 omnia
804 1183 836 1244 in
852 1183 1010 1264 integrum
1032 1182 1232 1262 indulgentia
1252 1183 1348 1263 prin·

156 1263 352 1348 234244044444
373 1267 591 1329 restituantur.
639 1268 697 1328 Pro
720 1267 839 1330 herede
854 1287 968 1348 gerere
989 1279 1038 1332 est
1059 1268 1272 1332 destinatione
1288 1267 1347 1330 lu·
1367 1279 1403 1327 to
1451 1317 1453 1344 ,

257 1353 322 1417 turi
337 1352 470 1414 dominii
492 1351 614 1432 aliquid
630 1371 670 1414 ex
685 1353 887 1416 hereditariis
908 1353 1005 1417 rebus
1019 1373 1192 1434 usurpare:
1219 1363 1251 1417 et
1273 1353 1348 1416 ideo
1451 1395 1453 1466 p

258 1458 315 1520 pro
331 1437 450 1500 herede
462 1457 574 1520 gerere
589 1437 728 1517 uidetur,
747 1441 803 1520 qui
816 1438 986 1504 fundorum
997 1439 1263 1503 hereditariorum
1276 1441 1348 1502 cul-

261 1537 349 1588 turas
365 1525 568 1604 rationesque
584 1523 734 1605 disponit,
754 1536 784 1587 et
800 1527 855 1605 qui
870 1528 972 1589 seruis
986 1525 1198 1604 hereditariis,
1218 1528 1348 1588 iumen-

84 1659 86 1663 .
156 1607 253 1690 444464
261 1613 300 1673 tis
321 1609 460 1672 rehusue
481 1611 551 1673 aliis
577 1612 688 1672 utitur.
735 1612 784 1672 Ex
805 1611 953 1693 pluribus
980 1611 1154 1676 heredibus
1175 1611 1347 1692 isdemque
1382 1624 1386 1630 ·

258 1697 409 1777 legitimis
436 1698 542 1776 siqui
564 1698 728 1759 omiserint
753 1697 961 1762 hereditatem
984 1699 1038 1761 uel
1059 1700 1091 1760 in
1113 1697 1262 1762 adeundo
1284 1698 1347 1760 ali·
1366 1709 1402 1753 ⁴5
1451 1727 1453 1772 t

259 1801 323 1863 qua
338 1784 458 1846 ratione
475 1781 595 1845 luerint
610 1782 772 1864 impediti,
793 1784 842 1846 bis
858 1785 913 1864 qui
929 1784 1077 1847 adierunt
1091 1785 1144 1847 uel
1160 1803 1270 1848 eorum
1287 1784 1347 1845 he·
1451 1775 1453 1814 ⁴

259 1868 391 1931 redibus
413 1869 624 1932 emittentium
644 1867 806 1950 portiones
820 1870 1021 1934 adcrescunt.
1067 1869 1153 1950 quod
1176 1871 1209 1932 in
1225 1869 1346 1932 herede
1452 1909 1453 1916 ,

259 1957 401 2017 instituto
419 1953 514 2035 [eum]
530 1955 585 2035 qui
598 1965 762 2036 acceperat
773 1955 979 2019 substitutum
992 1958 1122 2020 euenire
1134 1975 1197 2020 non
1209 1957 1346 2037 poterit:
1381 1973 1386 1986 ⁸

259 2040 388 2104 diuersa
404 2042 488 2102 enim
505 2060 600 2104 causa
614 2050 663 2104 est
677 2043 788 2123 scripti
803 2051 835 2108 et
850 2043 994 2123 legitimi.
1452 2049 1453 2070 ¹

444 2210 484 2294 [rx
526 2231 565 2274 tn
587 2231 712 2276 senaria
734 2232 904 2278 consummi
926 2215 1156 2296 4444444444444]
1363 2224 1401 2270 so

223 2330 235 2388 4
344 2333 458 2394 Matres
479 2341 544 2393 tam
566 2333 724 2412 ingenuae
752 2352 848 2414 quam
869 2332 1037 2397 libertinae
1063 2335 1151 2396 ciues
1171 2313 1383 2412 Romanae,'
1452 2341 1453 2406 ᾗ

259 2428 294 2479 44
309 2418 359 2480 ius
381 2416 553 2480 liberorum
569 2428 755 2481 consecutae
776 2418 966 2499 uideantur,
991 2430 1041 2483 ter
1062 2429 1094 2482 et
1111 2429 1227 2500 quater
1246 2439 1347 2500 pepe·
1452 2429 1454 2498 ,

222 2503 240 2562 4
259 2507 339 2566 risse
354 2502 481 2579 suffieit,
500 2503 668 2567 dummodo
683 2506 775 2566 uiuos
791 2515 823 2566 et
833 2505 921 2586 pleni
933 2507 1083 2587 temporis
1094 2507 1231 2587 pariant.
1258 2507 1346 2578 Quae
1452 2507 1454 2520 ⁴

260 2591 357 2652 semel
377 2608 440 2652 uno
461 2599 554 2671 partu
571 2599 633 2653 tres
656 2590 736 2652 filios
751 2590 867 2671 edidit,
891 2593 941 2654 ius
956 2591 1127 2655 liberorum
1151 2611 1215 2654 non
1233 2610 1345 2652 conse-

260 2679 388 2757 quitur:
414 2676 583 2739 nonenim
607 2686 657 2738 ter
677 2679 858 2758 peperisse,
883 2677 939 2739 sed
956 2679 1053 2740 semel
1074 2687 1201 2758 partum
1222 2677 1399 2740 fudissent

222 2761 239 2821 3
258 2762 405 2826 uidetur:
423 2764 485 2825 nisi
502 2762 581 2824 forte
596 2781 655 2844 per
669 2764 838 2826 interualla
853 2765 966 2844 pariat.
995 2764 1106 2826 Mulier
1120 2766 1146 2826 si
1162 2773 1345 2826 monstruo-

260 2915 287 2930 Ν

329 3003 543 3065 o,a.t=m·9.
559 3005 623 3064 t,a,
639 3005 669 3051 44
687 3001 765 3065 (ut.)

331 3226 340 3272 4
362 3223 480 3274 ucconia
492 3225 648 3275 narratione
660 3225 765 3283 codices,
785 3225 903 3276 noconia
916 3226 1050 3277 rationem
1066 3225 1154 3286 Coll.l³,
1175 3225 1344 3276 coniuratio·

260 3304 323 3341 nem
340 3291 425 3343 Gottw
455 3291 466 3355 ΙΙ
496 3292 612 3356 444444]
633 3292 759 3343 sineulla
774 3292 836 3344 Coll.
868 3293 879 3357 ΙΙ
909 3293 1048 3359 cognatos]
1062 3297 1181 3355 aepactas
1192 3297 1308 3357 agnatos
1336 3291 1349 3360 ΙΙ

261 3364 276 3410 t
295 3360 397 3410 omissa
408 3365 496 3411 tuetur
509 3361 699 3422 Interpretatto,
719 3361 809 3412 omnis
825 3361 962 3414 Cometes:
980 3364 1060 3426 suerit
1075 3362 1187 3425 fortasse
1205 3364 1271 3426 quia
1288 3377 1344 3416 non

261 3429 314 3478 nisi
326 3429 486 3493 proximiori
498 3430 637 3480 successio
651 3427 771 3480 defertur
801 3429 812 3493 ΙΙ
848 3435 879 3480 48
898 3446 961 3482 eum
974 3433 1023 3482 del.
1038 3432 1121 3482 Faber
1155 3429 1166 3494 ΙΙ
1202 3434 1235 3480 tt
1253 3433 1349 3482 44444·

261 3511 318 3548 00444
326 3501 386 3559 post
399 3495 411 3562 4
425 3501 438 3546 4
458 3498 583 3548 0044000444
599 3500 706 3558 codices,
726 3499 785 3550 44440
803 3501 856 3549 loco
868 3504 981 3551 4444444444
996 3502 1131 3552 Oetaeus:
1150 3500 1185 3550 de
1198 3501 1346 3551 intestato-

260 3579 322 3618 rum
341 3565 562 3618 successionibus
579 3566 614 3618 ad
631 3571 742 3618 senatus
760 3581 837 3618 cons·
856 3571 917 3620 tert.
938 3569 993 3620 Lex
1011 3570 1082 3620 Rom.
1105 3569 1185 3633 Bury.
1206 3572 1249 3629 48,
1266 3573 1296 3620 ³:
1317 3572 1349 3622 io

171 3679 176 3686 .
260 3636 443 3699 appendeat,
459 3638 484 3686 8.
500 3639 530 3684 44
550 3649 581 3686 aa
597 3649 663 3698 quoe
681 3638 754 3687 444440
768 3638 792 3686 X
804 3640 966 3690 contineater
977 3639 1024 3688 seh
1034 3638 1141 3688 44444400
1152 3637 1186 3688 (40
1198 3639 1349 3690 intestato·

260 3717 322 3756 rum
334 3703 531 3756 hereditatibus
542 3707 657 3756 0440444444
696 3705 707 3770 4
749 3709 780 3754 2³
800 3705 941 3769 sufficith,
960 3704 1076 3757 sufficiet
1089 3707 1118 3756 44
1156 3705 1168 3770 ΙΙ
1209 3709 1241 3756 at
1262 3706 1348 3758 simul

261 3773 344 3824 Faber
372 3773 383 3838 ss
413 3776 468 3825 tres
483 3773 612 3834 detectos,
626 3777 682 3825 tres
693 3773 738 3824 uel
751 3773 820 3826 duos
832 3777 931 3826 codices
958 3774 970 3840 ΙΙ
1000 3778 1076 3824 84-
1088 3788 1116 3837 p.
1133 3779 1191 3838 444,
1207 3779 1222 3825 5
1235 3773 1273 3840 44.
1288 3777 1345 3828 44

259 3845 287 3894 te
300 3842 360 3907 4449.
374 3844 411 3893 ste
422 3843 560 3907 leputatur:
573 3857 628 3894 non
641 3846 705 3894 sunt
716 3842 805 3906 liberi,
817 3845 864 3908 qui
877 3846 973 3896 contra
984 3842 1100 3895 formam
1112 3843 1224 3896 humani
1237 3845 1350 3908 generis

261 3924 395 3964 conuerso
408 3925 483 3963 more
495 3915 688 3977 procreantur:
709 3912 795 3963 ueluti
813 3913 837 3963 si
855 3913 954 3964 mulier
970 3916 1156 3964 monstrosum
1174 3912 1349 3976 aliquidaut

251 3979 444 4046 vprodigiosum
458 3981 537 4031 enixa
550 3982 593 4031 sit.
624 3984 718 4045 partus
730 3983 830 4040 autem,
851 3982 897 4046 qui
910 3981 1096 4033 membrorum
1109 3981 1293 4032 humanorum
1306 3981 1348 4034 ci-

260 4047 321 4100 flcia
334 4050 485 4114 ampliauit,
506 4049 678 4114 aliquatenus
696 4050 806 4101 uidetur
823 4049 936 4101 effectus
953 4053 979 4102 et
997 4051 1059 4102 ideo
1078 4052 1148 4102 inter
1159 4049 1263 4102 liberos
1276 4063 1347 4102 con-

261 4117 464 4170 numerabitur:
479 4118 512 4180 cf.
524 4119 610 4182 praes.
622 4131 649 4184 p.
663 4121 696 4168 ts
725 4117 737 4182 ΙΙ
766 4121 799 4168 ht
812 4123 988 4172 monstruoso
999 4134 1025 4170 a.
1039 4135 1064 4171 a.
1078 4119 1234 4185 prodigiose
1246 4121 1351 4172 codices
