<?xml version="1.0" encoding="UTF-8"?>
<!DOCTYPE html PUBLIC "-//W3C//DTD XHTML 1.0 Transitional//EN"
    "http://www.w3.org/TR/xhtml1/DTD/xhtml1-transitional.dtd">
<html xmlns="http://www.w3.org/1999/xhtml" xml:lang="en" lang="en">
 <head>
  <title>
</title>
<meta http-equiv="Content-Type" content="text/html;charset=utf-8" />
  <meta name='ocr-system' content='tesseract 3.04.00' />
  <meta name='ocr-capabilities' content='ocr_page ocr_carea ocr_par ocr_line ocrx_word'/>
</head>
<body>
  <div class='ocr_page' id='page_1' title='image "./vlpianilibersin00kruegoog_0121.png"; bbox 0 0 2926 4888; ppageno 0'>
   <div class='ocr_carea' id='block_1_1' title="bbox 491 337 1193 407">
    <p class='ocr_par' dir='ltr' id='par_1_1' title="bbox 491 337 1193 407">
     <span class='ocr_line' id='line_1_1' title="bbox 491 337 1193 407; baseline 0.009 -27"><span class='ocrx_word' id='word_1_1' title='bbox 491 369 578 381; x_wconf 72' lang='grc'><strong><em>...-</em></strong></span> <span class='ocrx_word' id='word_1_2' title='bbox 600 403 602 407; x_wconf 18' lang='grc' dir='ltr'>ι</span> <span class='ocrx_word' id='word_1_3' title='bbox 624 339 682 400; x_wconf 84' lang='lat'>105</span> <span class='ocrx_word' id='word_1_4' title='bbox 727 345 813 380; x_wconf 85' lang='lat'>....·..</span> <span class='ocrx_word' id='word_1_5' title='bbox 956 337 1031 386; x_wconf 87' lang='lat' dir='ltr'>Paul.</span> <span class='ocrx_word' id='word_1_6' title='bbox 1044 337 1089 398; x_wconf 87' lang='lat' dir='ltr'>IV,</span> <span class='ocrx_word' id='word_1_7' title='bbox 1105 341 1146 388; x_wconf 87' lang='lat' dir='ltr'>tt.</span> <span class='ocrx_word' id='word_1_8' title='bbox 1163 340 1193 385; x_wconf 80' lang='lat' dir='ltr'>tt</span> 
     </span>
    </p>
   </div>
   <div class='ocr_carea' id='block_1_2' title="bbox 7 517 1335 2672">
    <p class='ocr_par' dir='ltr' id='par_1_2' title="bbox 64 517 1194 605">
     <span class='ocr_line' id='line_1_2' title="bbox 64 517 1194 605; baseline 0.002 -21"><span class='ocrx_word' id='word_1_9' title='bbox 64 525 85 584; x_wconf 82' lang='lat'>5</span> <span class='ocrx_word' id='word_1_10' title='bbox 106 517 202 588; x_wconf 86' lang='lat' dir='ltr'>auiae</span> <span class='ocrx_word' id='word_1_11' title='bbox 217 531 279 587; x_wconf 84' lang='lat' dir='ltr'>tarn</span> <span class='ocrx_word' id='word_1_12' title='bbox 302 533 451 605; x_wconf 84' lang='lat' dir='ltr'>paternae</span> <span class='ocrx_word' id='word_1_13' title='bbox 467 543 562 604; x_wconf 89' lang='lat' dir='ltr'>quarn</span> <span class='ocrx_word' id='word_1_14' title='bbox 584 533 743 586; x_wconf 77' lang='lat' dir='ltr'>maternae</span> <span class='ocrx_word' id='word_1_15' title='bbox 766 523 865 586; x_wconf 85' lang='lat' dir='ltr'>irater</span> <span class='ocrx_word' id='word_1_16' title='bbox 880 533 912 586; x_wconf 92' lang='lat' dir='ltr'>et</span> <span class='ocrx_word' id='word_1_17' title='bbox 935 543 1033 586; x_wconf 90' lang='lat' dir='ltr'>soror.</span> <span class='ocrx_word' id='word_1_18' title='bbox 1080 526 1194 598; x_wconf 89' lang='lat' dir='ltr'>Quinto</span> 
     </span>
    </p>

    <p class='ocr_par' dir='ltr' id='par_1_3' title="bbox 7 609 1194 692">
     <span class='ocr_line' id='line_1_3' title="bbox 7 609 1194 692; baseline 0.003 -22"><span class='ocrx_word' id='word_1_19' title='bbox 7 627 9 642; x_wconf 70' lang='grc'>’</span> <span class='ocrx_word' id='word_1_20' title='bbox 107 609 211 691; x_wconf 78' lang='lat' dir='ltr'>gradu</span> <span class='ocrx_word' id='word_1_21' title='bbox 230 613 366 672; x_wconf 88' lang='lat' dir='ltr'>ueniunt</span> <span class='ocrx_word' id='word_1_22' title='bbox 388 629 485 691; x_wconf 91' lang='lat' dir='ltr'>supra</span> <span class='ocrx_word' id='word_1_23' title='bbox 505 609 635 690; x_wconf 89' lang='lat' dir='ltr'>quidem</span> <span class='ocrx_word' id='word_1_24' title='bbox 656 620 767 673; x_wconf 90' lang='lat' dir='ltr'>atauus</span> <span class='ocrx_word' id='word_1_25' title='bbox 789 612 907 672; x_wconf 87' lang='lat' dir='ltr'>atauia:</span> <span class='ocrx_word' id='word_1_26' title='bbox 949 611 1031 672; x_wconf 84' lang='lat' dir='ltr'>inira</span> <span class='ocrx_word' id='word_1_27' title='bbox 1053 610 1194 692; x_wconf 78' lang='lat' dir='ltr'>adnepos</span> 
     </span>
    </p>

    <p class='ocr_par' dir='ltr' id='par_1_4' title="bbox 106 695 1190 778">
     <span class='ocr_line' id='line_1_4' title="bbox 106 695 1190 778; baseline 0.002 -21"><span class='ocrx_word' id='word_1_28' title='bbox 106 696 273 776; x_wconf 76' lang='lat' dir='ltr'>adneptis:</span> <span class='ocrx_word' id='word_1_29' title='bbox 308 716 347 758; x_wconf 83' lang='lat' dir='ltr'>ex</span> <span class='ocrx_word' id='word_1_30' title='bbox 369 696 496 777; x_wconf 91' lang='lat' dir='ltr'>obliquo</span> <span class='ocrx_word' id='word_1_31' title='bbox 519 695 626 758; x_wconf 81' lang='lat' dir='ltr'>fratris</span> <span class='ocrx_word' id='word_1_32' title='bbox 647 706 678 758; x_wconf 89' lang='lat' dir='ltr'>et</span> <span class='ocrx_word' id='word_1_33' title='bbox 699 697 814 758; x_wconf 91' lang='lat' dir='ltr'>sororis</span> <span class='ocrx_word' id='word_1_34' title='bbox 836 715 993 777; x_wconf 80' lang='lat' dir='ltr'>pronepos</span> <span class='ocrx_word' id='word_1_35' title='bbox 1014 700 1190 778; x_wconf 89' lang='lat' dir='ltr'>proneptis,</span> 
     </span>
    </p>

    <p class='ocr_par' dir='ltr' id='par_1_5' title="bbox 107 782 1226 950">
     <span class='ocr_line' id='line_1_5' title="bbox 107 782 1193 864; baseline 0.002 -22"><span class='ocrx_word' id='word_1_36' title='bbox 107 782 218 844; x_wconf 80' lang='lat' dir='ltr'>fratris</span> <span class='ocrx_word' id='word_1_37' title='bbox 231 783 385 862; x_wconf 90' lang='lat' dir='ltr'>patruelis</span> <span class='ocrx_word' id='word_1_38' title='bbox 400 785 517 844; x_wconf 89' lang='lat' dir='ltr'>sororis</span> <span class='ocrx_word' id='word_1_39' title='bbox 538 783 691 864; x_wconf 92' lang='lat' dir='ltr'>patruelis</span> <span class='ocrx_word' id='word_1_40' title='bbox 705 784 828 844; x_wconf 91' lang='lat' dir='ltr'>amitini</span> <span class='ocrx_word' id='word_1_41' title='bbox 848 784 996 844; x_wconf 80' lang='lat' dir='ltr'>amitinae</span> <span class='ocrx_word' id='word_1_42' title='bbox 1013 783 1193 845; x_wconf 83' lang='lat' dir='ltr'>consobrini</span> 
     </span>
     <span class='ocr_line' id='line_1_6' title="bbox 108 863 1226 950; baseline -0.003 -20"><span class='ocrx_word' id='word_1_43' title='bbox 108 863 321 931; x_wconf 80' lang='lat' dir='ltr'>consobrinae</span> <span class='ocrx_word' id='word_1_44' title='bbox 342 869 426 930; x_wconf 89' lang='lat' dir='ltr'>filius</span> <span class='ocrx_word' id='word_1_45' title='bbox 449 869 529 948; x_wconf 88' lang='lat' dir='ltr'>filia,</span> <span class='ocrx_word' id='word_1_46' title='bbox 555 871 686 950; x_wconf 84' lang='lat' dir='ltr'>propius</span> <span class='ocrx_word' id='word_1_47' title='bbox 709 869 835 930; x_wconf 89' lang='lat' dir='ltr'>sobrino</span> <span class='ocrx_word' id='word_1_48' title='bbox 850 868 992 948; x_wconf 90' lang='lat' dir='ltr'>sobrina,</span> <span class='ocrx_word' id='word_1_49' title='bbox 1018 868 1052 931; x_wconf 91' lang='lat' dir='ltr'>id</span> <span class='ocrx_word' id='word_1_50' title='bbox 1073 878 1120 930; x_wconf 89' lang='lat' dir='ltr'>est</span> <span class='ocrx_word' id='word_1_51' title='bbox 1135 883 1226 950; x_wconf 82' lang='lat' dir='ltr'>pa-a</span> 
     </span>
    </p>

    <p class='ocr_par' dir='ltr' id='par_1_6' title="bbox 109 955 1194 1035">
     <span class='ocr_line' id='line_1_7' title="bbox 109 955 1194 1035; baseline 0 -19"><span class='ocrx_word' id='word_1_52' title='bbox 109 957 175 1016; x_wconf 90' lang='lat' dir='ltr'>trui</span> <span class='ocrx_word' id='word_1_53' title='bbox 197 957 303 1034; x_wconf 78' lang='lat' dir='ltr'>magni</span> <span class='ocrx_word' id='word_1_54' title='bbox 323 957 438 1016; x_wconf 88' lang='lat' dir='ltr'>amitae</span> <span class='ocrx_word' id='word_1_55' title='bbox 459 973 590 1035; x_wconf 83' lang='lat' dir='ltr'>magnae</span> <span class='ocrx_word' id='word_1_56' title='bbox 613 956 762 1017; x_wconf 85' lang='lat' dir='ltr'>auunculi</span> <span class='ocrx_word' id='word_1_57' title='bbox 786 955 892 1035; x_wconf 76' lang='lat' dir='ltr'>magni</span> <span class='ocrx_word' id='word_1_58' title='bbox 914 964 1102 1016; x_wconf 79' lang='lat' dir='ltr'>materterae</span> <span class='ocrx_word' id='word_1_59' title='bbox 1126 975 1194 1016; x_wconf 91' lang='lat' dir='ltr'>ma-</span> 
     </span>
    </p>

    <p class='ocr_par' dir='ltr' id='par_1_7' title="bbox 109 1041 1194 1122">
     <span class='ocr_line' id='line_1_8' title="bbox 109 1041 1194 1122; baseline 0.002 -21"><span class='ocrx_word' id='word_1_60' title='bbox 109 1059 192 1121; x_wconf 74' lang='lat' dir='ltr'>gnae</span> <span class='ocrx_word' id='word_1_61' title='bbox 208 1041 290 1103; x_wconf 89' lang='lat' dir='ltr'>iilius</span> <span class='ocrx_word' id='word_1_62' title='bbox 306 1041 379 1103; x_wconf 90' lang='lat' dir='ltr'>filia.</span> <span class='ocrx_word' id='word_1_63' title='bbox 412 1042 462 1102; x_wconf 79' lang='lat' dir='ltr'>lais</span> <span class='ocrx_word' id='word_1_64' title='bbox 476 1041 664 1104; x_wconf 89' lang='lat' dir='ltr'>adcrescunt</span> <span class='ocrx_word' id='word_1_65' title='bbox 679 1049 871 1122; x_wconf 89' lang='lat' dir='ltr'>propatruus</span> <span class='ocrx_word' id='word_1_66' title='bbox 886 1042 1049 1122; x_wconf 87' lang='lat' dir='ltr'>proamita,</span> <span class='ocrx_word' id='word_1_67' title='bbox 1070 1041 1102 1102; x_wconf 92' lang='lat' dir='ltr'>hi</span> <span class='ocrx_word' id='word_1_68' title='bbox 1119 1051 1194 1103; x_wconf 89' lang='lat' dir='ltr'>sunt</span> 
     </span>
    </p>

    <p class='ocr_par' dir='ltr' id='par_1_8' title="bbox 109 1125 1191 1208">
     <span class='ocr_line' id='line_1_9' title="bbox 109 1125 1191 1208; baseline 0.002 -20"><span class='ocrx_word' id='word_1_69' title='bbox 109 1127 224 1207; x_wconf 91' lang='lat' dir='ltr'>proaui</span> <span class='ocrx_word' id='word_1_70' title='bbox 241 1128 368 1208; x_wconf 89' lang='lat' dir='ltr'>paterni</span> <span class='ocrx_word' id='word_1_71' title='bbox 390 1125 488 1190; x_wconf 84' lang='lat' dir='ltr'>irater</span> <span class='ocrx_word' id='word_1_72' title='bbox 509 1136 540 1188; x_wconf 91' lang='lat' dir='ltr'>et</span> <span class='ocrx_word' id='word_1_73' title='bbox 562 1145 665 1188; x_wconf 87' lang='lat' dir='ltr'>soror:</span> <span class='ocrx_word' id='word_1_74' title='bbox 696 1129 931 1208; x_wconf 90' lang='lat' dir='ltr'>proannneulus</span> <span class='ocrx_word' id='word_1_75' title='bbox 952 1135 1191 1207; x_wconf 83' lang='lat' dir='ltr'>promatertera,</span> 
     </span>
    </p>

    <p class='ocr_par' dir='ltr' id='par_1_9' title="bbox 107 1212 1194 1294">
     <span class='ocr_line' id='line_1_10' title="bbox 107 1212 1194 1294; baseline 0.001 -20"><span class='ocrx_word' id='word_1_76' title='bbox 107 1213 141 1274; x_wconf 94' lang='lat' dir='ltr'>hi</span> <span class='ocrx_word' id='word_1_77' title='bbox 158 1222 235 1275; x_wconf 87' lang='lat' dir='ltr'>sunt</span> <span class='ocrx_word' id='word_1_78' title='bbox 255 1215 402 1294; x_wconf 89' lang='lat' dir='ltr'>proauiae</span> <span class='ocrx_word' id='word_1_79' title='bbox 422 1223 573 1294; x_wconf 88' lang='lat' dir='ltr'>paternae</span> <span class='ocrx_word' id='word_1_80' title='bbox 589 1223 813 1294; x_wconf 84' lang='lat' dir='ltr'>maternaeque</span> <span class='ocrx_word' id='word_1_81' title='bbox 836 1212 935 1274; x_wconf 87' lang='lat' dir='ltr'>irater</span> <span class='ocrx_word' id='word_1_82' title='bbox 956 1221 987 1274; x_wconf 90' lang='lat' dir='ltr'>et</span> <span class='ocrx_word' id='word_1_83' title='bbox 1011 1231 1098 1275; x_wconf 86' lang='lat' dir='ltr'>soror</span> <span class='ocrx_word' id='word_1_84' title='bbox 1120 1233 1194 1294; x_wconf 92' lang='lat' dir='ltr'>pro-</span> 
     </span>
    </p>

    <p class='ocr_par' dir='ltr' id='par_1_10' title="bbox 65 1296 1335 1983">
     <span class='ocr_line' id='line_1_11' title="bbox 65 1296 1243 1380; baseline -0.004 -20"><span class='ocrx_word' id='word_1_85' title='bbox 65 1303 88 1360; x_wconf 82' lang='grc'><strong>6</strong></span> <span class='ocrx_word' id='word_1_86' title='bbox 107 1301 228 1379; x_wconf 90' lang='lat' dir='ltr'>auique</span> <span class='ocrx_word' id='word_1_87' title='bbox 243 1300 389 1362; x_wconf 90' lang='lat' dir='ltr'>materni.</span> <span class='ocrx_word' id='word_1_88' title='bbox 418 1301 512 1362; x_wconf 85' lang='lat' dir='ltr'>Sexto</span> <span class='ocrx_word' id='word_1_89' title='bbox 527 1299 628 1380; x_wconf 81' lang='lat' dir='ltr'>gradu</span> <span class='ocrx_word' id='word_1_90' title='bbox 641 1296 777 1362; x_wconf 88' lang='lat' dir='ltr'>ueniunt</span> <span class='ocrx_word' id='word_1_91' title='bbox 791 1317 888 1380; x_wconf 89' lang='lat' dir='ltr'>supra</span> <span class='ocrx_word' id='word_1_92' title='bbox 902 1301 1038 1360; x_wconf 89' lang='lat' dir='ltr'>tritauus</span> <span class='ocrx_word' id='word_1_93' title='bbox 1053 1301 1190 1362; x_wconf 87' lang='lat' dir='ltr'>tritauia.</span> <span class='ocrx_word' id='word_1_94' title='bbox 1213 1311 1243 1356; x_wconf 82' lang='lat' dir='ltr'>to</span> 
     </span>
     <span class='ocr_line' id='line_1_12' title="bbox 108 1384 1193 1466; baseline 0.002 -20"><span class='ocrx_word' id='word_1_95' title='bbox 108 1385 194 1446; x_wconf 84' lang='lat' dir='ltr'>inira</span> <span class='ocrx_word' id='word_1_96' title='bbox 215 1387 358 1465; x_wconf 87' lang='lat' dir='ltr'>trinepos</span> <span class='ocrx_word' id='word_1_97' title='bbox 378 1387 544 1466; x_wconf 84' lang='lat' dir='ltr'>trineptis:</span> <span class='ocrx_word' id='word_1_98' title='bbox 579 1405 619 1448; x_wconf 84' lang='lat' dir='ltr'>ex</span> <span class='ocrx_word' id='word_1_99' title='bbox 640 1385 768 1466; x_wconf 91' lang='lat' dir='ltr'>obliquo</span> <span class='ocrx_word' id='word_1_100' title='bbox 790 1384 895 1446; x_wconf 77' lang='lat' dir='ltr'>fratris</span> <span class='ocrx_word' id='word_1_101' title='bbox 911 1394 942 1446; x_wconf 91' lang='lat' dir='ltr'>et</span> <span class='ocrx_word' id='word_1_102' title='bbox 962 1387 1078 1448; x_wconf 87' lang='lat' dir='ltr'>sororis</span> <span class='ocrx_word' id='word_1_103' title='bbox 1093 1385 1193 1448; x_wconf 90' lang='lat' dir='ltr'>abne-</span> 
     </span>
     <span class='ocr_line' id='line_1_13' title="bbox 107 1471 1193 1552; baseline 0.002 -20"><span class='ocrx_word' id='word_1_104' title='bbox 107 1490 166 1552; x_wconf 93' lang='lat' dir='ltr'>pos</span> <span class='ocrx_word' id='word_1_105' title='bbox 182 1471 346 1552; x_wconf 88' lang='lat' dir='ltr'>abneptis,</span> <span class='ocrx_word' id='word_1_106' title='bbox 373 1471 479 1534; x_wconf 87' lang='lat' dir='ltr'>fratris</span> <span class='ocrx_word' id='word_1_107' title='bbox 494 1472 647 1552; x_wconf 89' lang='lat' dir='ltr'>patruelis</span> <span class='ocrx_word' id='word_1_108' title='bbox 660 1473 776 1533; x_wconf 89' lang='lat' dir='ltr'>sororis</span> <span class='ocrx_word' id='word_1_109' title='bbox 790 1473 959 1552; x_wconf 80' lang='lat' dir='ltr'>patruelia,</span> <span class='ocrx_word' id='word_1_110' title='bbox 977 1473 1098 1533; x_wconf 90' lang='lat' dir='ltr'>amitini</span> <span class='ocrx_word' id='word_1_111' title='bbox 1114 1475 1193 1534; x_wconf 90' lang='lat' dir='ltr'>ami-</span> 
     </span>
     <span class='ocr_line' id='line_1_14' title="bbox 106 1557 1192 1640; baseline 0.002 -22"><span class='ocrx_word' id='word_1_112' title='bbox 106 1558 214 1636; x_wconf 88' lang='lat' dir='ltr'>tinae,</span> <span class='ocrx_word' id='word_1_113' title='bbox 240 1557 416 1619; x_wconf 90' lang='lat' dir='ltr'>consobrini</span> <span class='ocrx_word' id='word_1_114' title='bbox 439 1557 660 1637; x_wconf 77' lang='lat' dir='ltr'>consobrinae,</span> <span class='ocrx_word' id='word_1_115' title='bbox 686 1561 791 1638; x_wconf 89' lang='lat' dir='ltr'>patrui</span> <span class='ocrx_word' id='word_1_116' title='bbox 807 1561 913 1638; x_wconf 76' lang='lat' dir='ltr'>magni</span> <span class='ocrx_word' id='word_1_117' title='bbox 929 1559 1047 1619; x_wconf 87' lang='lat' dir='ltr'>amitae</span> <span class='ocrx_word' id='word_1_118' title='bbox 1063 1577 1192 1640; x_wconf 81' lang='lat' dir='ltr'>magnae</span> 
     </span>
     <span class='ocr_line' id='line_1_15' title="bbox 106 1644 1193 1725; baseline 0.001 -20"><span class='ocrx_word' id='word_1_119' title='bbox 106 1644 258 1705; x_wconf 86' lang='lat' dir='ltr'>auunculi</span> <span class='ocrx_word' id='word_1_120' title='bbox 280 1645 384 1724; x_wconf 76' lang='lat' dir='ltr'>magni</span> <span class='ocrx_word' id='word_1_121' title='bbox 409 1653 597 1706; x_wconf 88' lang='lat' dir='ltr'>materterae</span> <span class='ocrx_word' id='word_1_122' title='bbox 617 1663 748 1724; x_wconf 76' lang='lat' dir='ltr'>magnae</span> <span class='ocrx_word' id='word_1_123' title='bbox 762 1663 869 1724; x_wconf 83' lang='lat' dir='ltr'>nepos</span> <span class='ocrx_word' id='word_1_124' title='bbox 888 1644 1011 1722; x_wconf 92' lang='lat' dir='ltr'>neptis,</span> <span class='ocrx_word' id='word_1_125' title='bbox 1036 1647 1193 1725; x_wconf 83' lang='lat' dir='ltr'>propioris</span> 
     </span>
     <span class='ocr_line' id='line_1_16' title="bbox 108 1723 1243 1810; baseline 0.002 -20"><span class='ocrx_word' id='word_1_126' title='bbox 108 1729 239 1790; x_wconf 87' lang='lat' dir='ltr'>sobrino</span> <span class='ocrx_word' id='word_1_127' title='bbox 262 1730 346 1791; x_wconf 83' lang='lat' dir='ltr'>lilius</span> <span class='ocrx_word' id='word_1_128' title='bbox 368 1723 449 1809; x_wconf 84' lang='lat' dir='ltr'>iilia,</span> <span class='ocrx_word' id='word_1_129' title='bbox 476 1732 531 1810; x_wconf 91' lang='lat' dir='ltr'>qui</span> <span class='ocrx_word' id='word_1_130' title='bbox 557 1730 735 1792; x_wconf 88' lang='lat' dir='ltr'>consobrini</span> <span class='ocrx_word' id='word_1_131' title='bbox 757 1731 968 1810; x_wconf 89' lang='lat' dir='ltr'>appellantur.</span> <span class='ocrx_word' id='word_1_132' title='bbox 1015 1729 1133 1810; x_wconf 90' lang='lat' dir='ltr'>quibus</span> <span class='ocrx_word' id='word_1_133' title='bbox 1154 1749 1194 1792; x_wconf 82' lang='lat' dir='ltr'>ex</span> <span class='ocrx_word' id='word_1_134' title='bbox 1214 1740 1243 1786; x_wconf 85' lang='grc'><strong>45</strong></span> 
     </span>
     <span class='ocr_line' id='line_1_17' title="bbox 107 1803 1335 1934; baseline 0.002 -58"><span class='ocrx_word' id='word_1_135' title='bbox 107 1816 209 1878; x_wconf 90' lang='lat' dir='ltr'>latere</span> <span class='ocrx_word' id='word_1_136' title='bbox 225 1815 413 1879; x_wconf 87' lang='lat' dir='ltr'>adcrescunt</span> <span class='ocrx_word' id='word_1_137' title='bbox 426 1819 590 1896; x_wconf 85' lang='lat' dir='ltr'>propatrui</span> <span class='ocrx_word' id='word_1_138' title='bbox 604 1818 775 1896; x_wconf 89' lang='lat' dir='ltr'>proamitae</span> <span class='ocrx_word' id='word_1_139' title='bbox 798 1816 1002 1896; x_wconf 85' lang='lat' dir='ltr'>proannneuli</span> <span class='ocrx_word' id='word_1_140' title='bbox 1018 1826 1193 1896; x_wconf 90' lang='lat' dir='ltr'>promater-</span> <span class='ocrx_word' id='word_1_141' title='bbox 1292 1803 1335 1934; x_wconf 52' lang='lat' dir='ltr'>p</span> 
     </span>
     <span class='ocr_line' id='line_1_18' title="bbox 108 1901 1193 1983; baseline 0.002 -21"><span class='ocrx_word' id='word_1_142' title='bbox 108 1912 197 1964; x_wconf 88' lang='lat' dir='ltr'>torae</span> <span class='ocrx_word' id='word_1_143' title='bbox 219 1902 303 1964; x_wconf 87' lang='lat' dir='ltr'>iilius</span> <span class='ocrx_word' id='word_1_144' title='bbox 324 1903 404 1964; x_wconf 90' lang='lat' dir='ltr'>filia:</span> <span class='ocrx_word' id='word_1_145' title='bbox 437 1901 609 1983; x_wconf 87' lang='lat' dir='ltr'>abpatruus</span> <span class='ocrx_word' id='word_1_146' title='bbox 628 1902 775 1980; x_wconf 86' lang='lat' dir='ltr'>abamita,</span> <span class='ocrx_word' id='word_1_147' title='bbox 802 1902 835 1962; x_wconf 92' lang='lat' dir='ltr'>hi</span> <span class='ocrx_word' id='word_1_148' title='bbox 856 1911 929 1964; x_wconf 90' lang='lat' dir='ltr'>suut</span> <span class='ocrx_word' id='word_1_149' title='bbox 952 1901 1046 1963; x_wconf 90' lang='lat' dir='ltr'>abaui</span> <span class='ocrx_word' id='word_1_150' title='bbox 1068 1905 1193 1982; x_wconf 89' lang='lat' dir='ltr'>paterni</span> 
     </span>
    </p>

    <p class='ocr_par' dir='ltr' id='par_1_11' title="bbox 7 1987 1192 2062">
     <span class='ocr_line' id='line_1_19' title="bbox 7 1987 1192 2062; baseline 0.002 -15"><span class='ocrx_word' id='word_1_151' title='bbox 7 2053 10 2060; x_wconf 62' lang='grc'>,</span> <span class='ocrx_word' id='word_1_152' title='bbox 109 1987 210 2050; x_wconf 84' lang='lat' dir='ltr'>frater</span> <span class='ocrx_word' id='word_1_153' title='bbox 232 1997 263 2049; x_wconf 88' lang='lat' dir='ltr'>et</span> <span class='ocrx_word' id='word_1_154' title='bbox 284 2006 388 2050; x_wconf 92' lang='lat' dir='ltr'>soror:</span> <span class='ocrx_word' id='word_1_155' title='bbox 414 1987 634 2050; x_wconf 87' lang='lat' dir='ltr'>abauunoulus</span> <span class='ocrx_word' id='word_1_156' title='bbox 660 1988 884 2062; x_wconf 88' lang='lat' dir='ltr'>abmatertera,</span> <span class='ocrx_word' id='word_1_157' title='bbox 910 1989 943 2048; x_wconf 94' lang='lat' dir='ltr'>hi</span> <span class='ocrx_word' id='word_1_158' title='bbox 965 1997 1039 2049; x_wconf 90' lang='lat' dir='ltr'>sunt</span> <span class='ocrx_word' id='word_1_159' title='bbox 1059 1988 1192 2051; x_wconf 88' lang='lat' dir='ltr'>abaniae</span> 
     </span>
    </p>

    <p class='ocr_par' dir='ltr' id='par_1_12' title="bbox 67 2073 1243 2414">
     <span class='ocr_line' id='line_1_20' title="bbox 67 2073 1194 2155; baseline 0.002 -21"><span class='ocrx_word' id='word_1_160' title='bbox 67 2073 88 2134; x_wconf 87' lang='lat'><strong>7</strong></span> <span class='ocrx_word' id='word_1_161' title='bbox 108 2083 262 2154; x_wconf 88' lang='lat' dir='ltr'>paternae</span> <span class='ocrx_word' id='word_1_162' title='bbox 280 2083 506 2154; x_wconf 88' lang='lat' dir='ltr'>maternaeque</span> <span class='ocrx_word' id='word_1_163' title='bbox 522 2073 618 2138; x_wconf 88' lang='lat' dir='ltr'>irater</span> <span class='ocrx_word' id='word_1_164' title='bbox 634 2083 665 2136; x_wconf 90' lang='lat' dir='ltr'>et</span> <span class='ocrx_word' id='word_1_165' title='bbox 676 2073 932 2154; x_wconf 88' lang='lat' dir='ltr'>sororabauique</span> <span class='ocrx_word' id='word_1_166' title='bbox 943 2079 1087 2136; x_wconf 88' lang='lat' dir='ltr'>materni.</span> <span class='ocrx_word' id='word_1_167' title='bbox 1113 2076 1194 2155; x_wconf 88' lang='lat' dir='ltr'>Sep-</span> 
     </span>
     <span class='ocr_line' id='line_1_21' title="bbox 108 2158 1243 2241; baseline 0.001 -20"><span class='ocrx_word' id='word_1_168' title='bbox 108 2161 187 2221; x_wconf 92' lang='lat' dir='ltr'>timo</span> <span class='ocrx_word' id='word_1_169' title='bbox 203 2159 304 2240; x_wconf 80' lang='lat' dir='ltr'>gradu</span> <span class='ocrx_word' id='word_1_170' title='bbox 318 2161 374 2239; x_wconf 92' lang='lat' dir='ltr'>qui</span> <span class='ocrx_word' id='word_1_171' title='bbox 391 2171 465 2225; x_wconf 88' lang='lat' dir='ltr'>sunt</span> <span class='ocrx_word' id='word_1_172' title='bbox 486 2162 608 2240; x_wconf 79' lang='lat' dir='ltr'>cognati</span> <span class='ocrx_word' id='word_1_173' title='bbox 623 2170 708 2222; x_wconf 90' lang='lat' dir='ltr'>recta</span> <span class='ocrx_word' id='word_1_174' title='bbox 723 2161 808 2222; x_wconf 88' lang='lat' dir='ltr'>linea</span> <span class='ocrx_word' id='word_1_175' title='bbox 822 2179 919 2240; x_wconf 90' lang='lat' dir='ltr'>supra</span> <span class='ocrx_word' id='word_1_176' title='bbox 934 2158 1100 2240; x_wconf 85' lang='lat' dir='ltr'>infraque,</span> <span class='ocrx_word' id='word_1_177' title='bbox 1118 2179 1193 2241; x_wconf 94' lang='lat' dir='ltr'>pro·</span> <span class='ocrx_word' id='word_1_178' title='bbox 1211 2169 1243 2214; x_wconf 76' lang='grc'>44</span> 
     </span>
     <span class='ocr_line' id='line_1_22' title="bbox 107 2245 1192 2326; baseline 0.003 -21"><span class='ocrx_word' id='word_1_179' title='bbox 107 2246 191 2326; x_wconf 92' lang='lat' dir='ltr'>priis</span> <span class='ocrx_word' id='word_1_180' title='bbox 212 2246 398 2308; x_wconf 89' lang='lat' dir='ltr'>nominibus·</span> <span class='ocrx_word' id='word_1_181' title='bbox 421 2265 482 2307; x_wconf 90' lang='lat' dir='ltr'>non</span> <span class='ocrx_word' id='word_1_182' title='bbox 505 2247 721 2326; x_wconf 91' lang='lat' dir='ltr'>appellantur:</span> <span class='ocrx_word' id='word_1_183' title='bbox 752 2245 809 2308; x_wconf 92' lang='lat' dir='ltr'>sed</span> <span class='ocrx_word' id='word_1_184' title='bbox 835 2265 876 2307; x_wconf 81' lang='lat' dir='ltr'>ex</span> <span class='ocrx_word' id='word_1_185' title='bbox 901 2257 1083 2308; x_wconf 89' lang='lat' dir='ltr'>transuersa</span> <span class='ocrx_word' id='word_1_186' title='bbox 1110 2247 1192 2308; x_wconf 91' lang='lat' dir='ltr'>linea</span> 
     </span>
     <span class='ocr_line' id='line_1_23' title="bbox 106 2330 1192 2414; baseline 0.003 -22"><span class='ocrx_word' id='word_1_187' title='bbox 106 2333 314 2394; x_wconf 88' lang='lat' dir='ltr'>continentur</span> <span class='ocrx_word' id='word_1_188' title='bbox 330 2330 436 2394; x_wconf 82' lang='lat' dir='ltr'>fratris</span> <span class='ocrx_word' id='word_1_189' title='bbox 453 2333 610 2394; x_wconf 83' lang='lat' dir='ltr'>sororisue</span> <span class='ocrx_word' id='word_1_190' title='bbox 621 2332 800 2413; x_wconf 87' lang='lat' dir='ltr'>adnepotes</span> <span class='ocrx_word' id='word_1_191' title='bbox 815 2331 987 2414; x_wconf 87' lang='lat' dir='ltr'>adneptes,</span> <span class='ocrx_word' id='word_1_192' title='bbox 1013 2333 1192 2395; x_wconf 89' lang='lat' dir='ltr'>consobrini</span> 
     </span>
    </p>

    <p class='ocr_par' dir='ltr' id='par_1_13' title="bbox 66 2417 1192 2585">
     <span class='ocr_line' id='line_1_24' title="bbox 66 2417 1192 2499; baseline 0.002 -22"><span class='ocrx_word' id='word_1_193' title='bbox 66 2423 86 2477; x_wconf 88' lang='lat'>8</span> <span class='ocrx_word' id='word_1_194' title='bbox 106 2418 166 2479; x_wconf 86' lang='lat' dir='ltr'>filii</span> <span class='ocrx_word' id='word_1_195' title='bbox 184 2417 342 2498; x_wconf 90' lang='lat' dir='ltr'>filiaeque.</span> <span class='ocrx_word' id='word_1_196' title='bbox 390 2419 603 2480; x_wconf 89' lang='lat' dir='ltr'>Successionis</span> <span class='ocrx_word' id='word_1_197' title='bbox 619 2418 735 2479; x_wconf 87' lang='lat' dir='ltr'>idcirco</span> <span class='ocrx_word' id='word_1_198' title='bbox 759 2417 877 2499; x_wconf 75' lang='lat' dir='ltr'>gradus</span> <span class='ocrx_word' id='word_1_199' title='bbox 893 2428 1015 2499; x_wconf 89' lang='lat' dir='ltr'>septem</span> <span class='ocrx_word' id='word_1_200' title='bbox 1032 2421 1192 2481; x_wconf 83' lang='lat' dir='ltr'>constituti</span> 
     </span>
     <span class='ocr_line' id='line_1_25' title="bbox 106 2504 1192 2585; baseline 0.001 -20"><span class='ocrx_word' id='word_1_201' title='bbox 106 2512 194 2581; x_wconf 89' lang='lat' dir='ltr'>sunt,</span> <span class='ocrx_word' id='word_1_202' title='bbox 216 2504 290 2583; x_wconf 89' lang='lat' dir='ltr'>quia</span> <span class='ocrx_word' id='word_1_203' title='bbox 305 2505 520 2585; x_wconf 6' lang='lat' dir='ltr'>ulteriuswper</span> <span class='ocrx_word' id='word_1_204' title='bbox 535 2523 643 2565; x_wconf 88' lang='lat' dir='ltr'>rerum</span> <span class='ocrx_word' id='word_1_205' title='bbox 663 2513 807 2566; x_wconf 91' lang='lat' dir='ltr'>naturam</span> <span class='ocrx_word' id='word_1_206' title='bbox 823 2524 883 2568; x_wconf 89' lang='lat' dir='ltr'>neo</span> <span class='ocrx_word' id='word_1_207' title='bbox 904 2505 1030 2566; x_wconf 88' lang='lat' dir='ltr'>nomina</span> <span class='ocrx_word' id='word_1_208' title='bbox 1051 2507 1192 2567; x_wconf 90' lang='lat' dir='ltr'>inueniri</span> 
     </span>
    </p>

    <p class='ocr_par' dir='ltr' id='par_1_14' title="bbox 7 2589 1243 2672">
     <span class='ocr_line' id='line_1_26' title="bbox 7 2589 1243 2672; baseline 0.002 -22"><span class='ocrx_word' id='word_1_209' title='bbox 7 2647 9 2660; x_wconf 89' lang='grc'>,</span> <span class='ocrx_word' id='word_1_210' title='bbox 104 2608 170 2650; x_wconf 87' lang='lat' dir='ltr'>nec</span> <span class='ocrx_word' id='word_1_211' title='bbox 184 2590 251 2651; x_wconf 92' lang='lat' dir='ltr'>uita</span> <span class='ocrx_word' id='word_1_212' title='bbox 266 2589 511 2654; x_wconf 84' lang='lat' dir='ltr'>succedentibus</span> <span class='ocrx_word' id='word_1_213' title='bbox 527 2592 690 2672; x_wconf 81' lang='lat' dir='ltr'>prorogari</span> <span class='ocrx_word' id='word_1_214' title='bbox 706 2599 818 2671; x_wconf 86' lang='lat' dir='ltr'>potest.</span> <span class='ocrx_word' id='word_1_215' title='bbox 1071 2591 1073 2594; x_wconf 75' lang='grc'>’</span> <span class='ocrx_word' id='word_1_216' title='bbox 1211 2600 1243 2646; x_wconf 75' lang='lat'>25</span> 
     </span>
    </p>
   </div>
   <div class='ocr_carea' id='block_1_3' title="bbox 441 2759 862 2844">
    <p class='ocr_par' dir='ltr' id='par_1_15' title="bbox 441 2759 862 2844">
     <span class='ocr_line' id='line_1_27' title="bbox 441 2759 862 2844; baseline 0 -22"><span class='ocrx_word' id='word_1_217' title='bbox 441 2759 492 2843; x_wconf 82' lang='lat' dir='ltr'>[ru</span> <span class='ocrx_word' id='word_1_218' title='bbox 533 2780 570 2822; x_wconf 84' lang='lat' dir='ltr'>nu</span> <span class='ocrx_word' id='word_1_219' title='bbox 593 2759 862 2844; x_wconf 80' lang='lat' dir='ltr'>nauvurssroumvs]</span> 
     </span>
    </p>
   </div>
   <div class='ocr_carea' id='block_1_4' title="bbox 65 2881 1241 3393">
    <p class='ocr_par' dir='ltr' id='par_1_16' title="bbox 66 2881 1194 3135">
     <span class='ocr_line' id='line_1_28' title="bbox 66 2881 1194 2944; baseline 0.001 -1"><span class='ocrx_word' id='word_1_220' title='bbox 66 2885 78 2943; x_wconf 92' lang='grc'>4</span> <span class='ocrx_word' id='word_1_221' title='bbox 196 2882 334 2944; x_wconf 86' lang='lat' dir='ltr'>Seruum</span> <span class='ocrx_word' id='word_1_222' title='bbox 349 2901 545 2944; x_wconf 85' lang='lat' dir='ltr'>communem</span> <span class='ocrx_word' id='word_1_223' title='bbox 561 2901 645 2944; x_wconf 89' lang='lat' dir='ltr'>unus</span> <span class='ocrx_word' id='word_1_224' title='bbox 667 2901 707 2944; x_wconf 83' lang='lat' dir='ltr'>ex</span> <span class='ocrx_word' id='word_1_225' title='bbox 721 2881 856 2944; x_wconf 88' lang='lat' dir='ltr'>dominis</span> <span class='ocrx_word' id='word_1_226' title='bbox 871 2881 1121 2944; x_wconf 89' lang='lat' dir='ltr'>manumittendo</span> <span class='ocrx_word' id='word_1_227' title='bbox 1136 2884 1194 2944; x_wconf 90' lang='lat' dir='ltr'>La-</span> 
     </span>
     <span class='ocr_line' id='line_1_29' title="bbox 105 2965 1188 3050; baseline 0.001 -22"><span class='ocrx_word' id='word_1_228' title='bbox 105 2969 211 3030; x_wconf 88' lang='lat' dir='ltr'>tinum</span> <span class='ocrx_word' id='word_1_229' title='bbox 235 2965 338 3030; x_wconf 82' lang='lat' dir='ltr'>faeere</span> <span class='ocrx_word' id='word_1_230' title='bbox 360 2987 424 3030; x_wconf 91' lang='lat' dir='ltr'>non</span> <span class='ocrx_word' id='word_1_231' title='bbox 441 2977 546 3050; x_wconf 88' lang='lat' dir='ltr'>potest</span> <span class='ocrx_word' id='word_1_232' title='bbox 568 2985 628 3029; x_wconf 85' lang='lat' dir='ltr'>nee</span> <span class='ocrx_word' id='word_1_233' title='bbox 642 2970 742 3048; x_wconf 77' lang='lat' dir='ltr'>magis</span> <span class='ocrx_word' id='word_1_234' title='bbox 763 2987 857 3048; x_wconf 84' lang='lat' dir='ltr'>quarn</span> <span class='ocrx_word' id='word_1_235' title='bbox 879 2969 980 3030; x_wconf 88' lang='lat' dir='ltr'>ciuem</span> <span class='ocrx_word' id='word_1_236' title='bbox 997 2969 1188 3030; x_wconf 82' lang='lat' dir='ltr'>Romanum:</span> 
     </span>
     <span class='ocr_line' id='line_1_30' title="bbox 106 3053 1193 3135; baseline 0 -19"><span class='ocrx_word' id='word_1_237' title='bbox 106 3055 201 3116; x_wconf 88' lang='lat' dir='ltr'>cuius</span> <span class='ocrx_word' id='word_1_238' title='bbox 217 3055 317 3134; x_wconf 90' lang='lat' dir='ltr'>portio</span> <span class='ocrx_word' id='word_1_239' title='bbox 333 3074 369 3116; x_wconf 90' lang='lat' dir='ltr'>eo</span> <span class='ocrx_word' id='word_1_240' title='bbox 384 3073 469 3132; x_wconf 86' lang='lat' dir='ltr'>casu,</span> <span class='ocrx_word' id='word_1_241' title='bbox 489 3073 561 3134; x_wconf 89' lang='lat' dir='ltr'>quo,</span> <span class='ocrx_word' id='word_1_242' title='bbox 581 3055 608 3115; x_wconf 89' lang='lat' dir='ltr'>si</span> <span class='ocrx_word' id='word_1_243' title='bbox 623 3056 771 3135; x_wconf 90' lang='lat' dir='ltr'>proprius</span> <span class='ocrx_word' id='word_1_244' title='bbox 787 3063 880 3132; x_wconf 89' lang='lat' dir='ltr'>esset,</span> <span class='ocrx_word' id='word_1_245' title='bbox 899 3053 940 3116; x_wconf 90' lang='lat' dir='ltr'>ad</span> <span class='ocrx_word' id='word_1_246' title='bbox 955 3054 1115 3124; x_wconf 83' lang='lat' dir='ltr'>ciuitatem</span> <span class='ocrx_word' id='word_1_247' title='bbox 1131 3056 1193 3116; x_wconf 88' lang='lat' dir='ltr'>Ro-</span> 
     </span>
    </p>

    <p class='ocr_par' dir='ltr' id='par_1_17' title="bbox 65 3138 1241 3393">
     <span class='ocr_line' id='line_1_31' title="bbox 65 3138 1241 3220; baseline -0.002 -16"><span class='ocrx_word' id='word_1_248' title='bbox 65 3143 85 3204; x_wconf 73' lang='lat'><strong>2</strong></span> <span class='ocrx_word' id='word_1_249' title='bbox 107 3158 234 3200; x_wconf 85' lang='lat' dir='ltr'>menam</span> <span class='ocrx_word' id='word_1_250' title='bbox 250 3141 445 3220; x_wconf 90' lang='lat' dir='ltr'>perueniret,</span> <span class='ocrx_word' id='word_1_251' title='bbox 464 3142 546 3202; x_wconf 90' lang='lat' dir='ltr'>sooio</span> <span class='ocrx_word' id='word_1_252' title='bbox 561 3139 726 3204; x_wconf 81' lang='lat' dir='ltr'>adcrescit.</span> <span class='ocrx_word' id='word_1_253' title='bbox 764 3142 868 3202; x_wconf 83' lang='lat' dir='ltr'>Mutus</span> <span class='ocrx_word' id='word_1_254' title='bbox 884 3149 915 3202; x_wconf 90' lang='lat' dir='ltr'>et</span> <span class='ocrx_word' id='word_1_255' title='bbox 929 3138 1046 3202; x_wconf 86' lang='lat' dir='ltr'>surdus</span> <span class='ocrx_word' id='word_1_256' title='bbox 1061 3159 1191 3204; x_wconf 90' lang='lat' dir='ltr'>seruum</span> <span class='ocrx_word' id='word_1_257' title='bbox 1210 3151 1241 3196; x_wconf 76' lang='lat'>³0</span> 
     </span>
     <span class='ocr_line' id='line_1_32' title="bbox 107 3223 1193 3308; baseline 0 -20"><span class='ocrx_word' id='word_1_258' title='bbox 107 3224 252 3288; x_wconf 90' lang='lat' dir='ltr'>uindicta</span> <span class='ocrx_word' id='word_1_259' title='bbox 277 3225 413 3288; x_wconf 89' lang='lat' dir='ltr'>liberare</span> <span class='ocrx_word' id='word_1_260' title='bbox 442 3245 505 3288; x_wconf 88' lang='lat' dir='ltr'>non</span> <span class='ocrx_word' id='word_1_261' title='bbox 531 3223 680 3306; x_wconf 89' lang='lat' dir='ltr'>possunt:</span> <span class='ocrx_word' id='word_1_262' title='bbox 709 3228 800 3289; x_wconf 87' lang='lat' dir='ltr'>iuter.</span> <span class='ocrx_word' id='word_1_263' title='bbox 819 3227 934 3288; x_wconf 87' lang='lat' dir='ltr'>amicos</span> <span class='ocrx_word' id='word_1_264' title='bbox 955 3235 1062 3288; x_wconf 89' lang='lat' dir='ltr'>tamen</span> <span class='ocrx_word' id='word_1_265' title='bbox 1083 3235 1114 3288; x_wconf 89' lang='lat' dir='ltr'>et</span> <span class='ocrx_word' id='word_1_266' title='bbox 1134 3247 1193 3308; x_wconf 89' lang='lat' dir='ltr'>per</span> 
     </span>
     <span class='ocr_line' id='line_1_33' title="bbox 106 3311 1193 3393; baseline 0 -19"><span class='ocrx_word' id='word_1_267' title='bbox 106 3312 277 3392; x_wconf 89' lang='lat' dir='ltr'>epistulam</span> <span class='ocrx_word' id='word_1_268' title='bbox 292 3314 513 3376; x_wconf 85' lang='lat' dir='ltr'>manumittere</span> <span class='ocrx_word' id='word_1_269' title='bbox 529 3332 592 3374; x_wconf 89' lang='lat' dir='ltr'>nou</span> <span class='ocrx_word' id='word_1_270' title='bbox 608 3311 827 3393; x_wconf 90' lang='lat' dir='ltr'>prohibentur.</span> <span class='ocrx_word' id='word_1_271' title='bbox 851 3320 1007 3375; x_wconf 85' lang='lat' dir='ltr'>utentem</span> <span class='ocrx_word' id='word_1_272' title='bbox 1023 3312 1064 3375; x_wconf 90' lang='lat' dir='ltr'>ad</span> <span class='ocrx_word' id='word_1_273' title='bbox 1078 3314 1193 3376; x_wconf 90' lang='lat' dir='ltr'>iustam</span> 
     </span>
    </p>
   </div>
   <div class='ocr_carea' id='block_1_5' title="bbox 107 3445 1191 3464">
    <p class='ocr_par' dir='ltr' id='par_1_18' title="bbox 107 3445 1191 3464">
     <span class='ocr_line' id='line_1_34' title="bbox 107 3445 1191 3464; baseline 0.002 -2"><span class='ocrx_word' id='word_1_274' title='bbox 107 3448 256 3463; x_wconf 60' lang='lat' dir='ltr'>smmmw</span> <span class='ocrx_word' id='word_1_275' title='bbox 444 3445 816 3463; x_wconf 60' lang='lat' dir='ltr'>mnmaevvvxnwmvmmwu</span> <span class='ocrx_word' id='word_1_276' title='bbox 823 3448 1191 3464; x_wconf 64' lang='lat' dir='ltr'>ewvwvwvwwwvxmwv</span> 
     </span>
    </p>
   </div>
   <div class='ocr_carea' id='block_1_6' title="bbox 182 3501 609 3565">
    <p class='ocr_par' dir='ltr' id='par_1_19' title="bbox 182 3501 609 3565">
     <span class='ocr_line' id='line_1_35' title="bbox 182 3501 609 3565; baseline -0.002 -16"><span class='ocrx_word' id='word_1_277' title='bbox 182 3504 208 3549; x_wconf 92' lang='grc'>44</span> <span class='ocrx_word' id='word_1_278' title='bbox 226 3520 258 3543; x_wconf 92' lang='lat'><strong>=</strong></span> <span class='ocrx_word' id='word_1_279' title='bbox 271 3502 327 3552; x_wconf 83' lang='lat' dir='ltr'>Leto</span> <span class='ocrx_word' id='word_1_280' title='bbox 343 3501 547 3565; x_wconf 69' lang='lat' dir='ltr'>Wtstqottorum</span> <span class='ocrx_word' id='word_1_281' title='bbox 560 3502 584 3562; x_wconf 90' lang='grc'>4,</span> <span class='ocrx_word' id='word_1_282' title='bbox 600 3504 609 3548; x_wconf 99' lang='grc'>4</span> 
     </span>
    </p>
   </div>
   <div class='ocr_carea' id='block_1_7' title="bbox 111 3599 683 3618">
    <p class='ocr_par' dir='ltr' id='par_1_20' title="bbox 111 3599 683 3618">
     <span class='ocr_line' id='line_1_36' title="bbox 111 3599 683 3618; baseline 0 -4"><span class='ocrx_word' id='word_1_283' title='bbox 111 3599 240 3618; x_wconf 40' lang='grc' dir='ltr'>»ιιηχνυνν</span> <span class='ocrx_word' id='word_1_284' title='bbox 532 3600 683 3615; x_wconf 60' lang='grc' dir='ltr'>νκΛΛΛΑΛΛΛΛ</span> 
     </span>
    </p>
   </div>
   <div class='ocr_carea' id='block_1_8' title="bbox 7 3665 1194 4206">
    <p class='ocr_par' dir='ltr' id='par_1_21' title="bbox 7 3665 1194 4206">
     <span class='ocr_line' id='line_1_37' title="bbox 103 3665 1193 3736; baseline 0 -14"><span class='ocrx_word' id='word_1_285' title='bbox 103 3723 106 3736; x_wconf 62' lang='grc'><strong>,</strong></span> <span class='ocrx_word' id='word_1_286' title='bbox 181 3673 341 3736; x_wconf 82' lang='lat' dir='ltr'>tproprius</span> <span class='ocrx_word' id='word_1_287' title='bbox 359 3665 487 3722; x_wconf 84' lang='lat' dir='ltr'>sobrinus</span> <span class='ocrx_word' id='word_1_288' title='bbox 505 3674 603 3722; x_wconf 80' lang='lat' dir='ltr'>codices</span> <span class='ocrx_word' id='word_1_289' title='bbox 621 3683 679 3721; x_wconf 82' lang='lat' dir='ltr'>cam</span> <span class='ocrx_word' id='word_1_290' title='bbox 696 3671 763 3736; x_wconf 85' lang='grc'><strong>4494</strong></span> <span class='ocrx_word' id='word_1_291' title='bbox 787 3671 878 3735; x_wconf 63' lang='grc'><strong>4474449.</strong></span> <span class='ocrx_word' id='word_1_292' title='bbox 928 3671 939 3734; x_wconf 85' lang='grc' dir='ltr'>ΙΙ</span> <span class='ocrx_word' id='word_1_293' title='bbox 988 3675 1017 3720; x_wconf 87' lang='grc'>44</span> <span class='ocrx_word' id='word_1_294' title='bbox 1043 3673 1193 3736; x_wconf 89' lang='lat' dir='ltr'>proprioris</span> 
     </span>
     <span class='ocr_line' id='line_1_38' title="bbox 7 3737 1193 3806; baseline 0 -16"><span class='ocrx_word' id='word_1_295' title='bbox 7 3737 8 3744; x_wconf 76' lang='grc'>’</span> <span class='ocrx_word' id='word_1_296' title='bbox 111 3741 226 3806; x_wconf 83' lang='lat' dir='ltr'>(proprii</span> <span class='ocrx_word' id='word_1_297' title='bbox 244 3739 272 3804; x_wconf 87' lang='grc'>4)</span> <span class='ocrx_word' id='word_1_298' title='bbox 294 3740 398 3791; x_wconf 84' lang='lat' dir='ltr'>sobrini</span> <span class='ocrx_word' id='word_1_299' title='bbox 417 3741 466 3792; x_wconf 81' lang='grc'>444</span> <span class='ocrx_word' id='word_1_300' title='bbox 483 3753 542 3790; x_wconf 81' lang='lat' dir='ltr'>cum</span> <span class='ocrx_word' id='word_1_301' title='bbox 560 3741 627 3804; x_wconf 86' lang='grc'><strong>4494</strong></span> <span class='ocrx_word' id='word_1_302' title='bbox 650 3740 742 3804; x_wconf 75' lang='lat' dir='ltr'>Wiatp.</span> <span class='ocrx_word' id='word_1_303' title='bbox 791 3739 802 3803; x_wconf 86' lang='grc' dir='ltr'>ΙΙ</span> <span class='ocrx_word' id='word_1_304' title='bbox 850 3744 881 3790; x_wconf 79' lang='lat' dir='ltr'>ts</span> <span class='ocrx_word' id='word_1_305' title='bbox 901 3739 1068 3803; x_wconf 77' lang='lat' dir='ltr'>consobrini]</span> <span class='ocrx_word' id='word_1_306' title='bbox 1088 3739 1193 3790; x_wconf 85' lang='lat' dir='ltr'>sobrini</span> 
     </span>
     <span class='ocr_line' id='line_1_39' title="bbox 113 3808 1193 3873; baseline -0.003 -11"><span class='ocrx_word' id='word_1_307' title='bbox 113 3809 230 3869; x_wconf 79' lang='lat' dir='ltr'>Cautius,</span> <span class='ocrx_word' id='word_1_308' title='bbox 249 3810 415 3873; x_wconf 65' lang='grc'><strong>44144948,</strong></span> <span class='ocrx_word' id='word_1_309' title='bbox 432 3813 473 3871; x_wconf 86' lang='lat' dir='ltr'>to,</span> <span class='ocrx_word' id='word_1_310' title='bbox 489 3813 529 3870; x_wconf 84' lang='lat' dir='ltr'>to,</span> <span class='ocrx_word' id='word_1_311' title='bbox 546 3813 576 3858; x_wconf 83' lang='grc'>44</span> <span class='ocrx_word' id='word_1_312' title='bbox 593 3811 640 3869; x_wconf 84' lang='lat' dir='ltr'>(ed.</span> <span class='ocrx_word' id='word_1_313' title='bbox 656 3810 835 3870; x_wconf 81' lang='lat' dir='ltr'>Motumseap.</span> <span class='ocrx_word' id='word_1_314' title='bbox 851 3813 909 3871; x_wconf 80' lang='grc'><strong>459,</strong></span> <span class='ocrx_word' id='word_1_315' title='bbox 925 3813 949 3866; x_wconf 84' lang='grc'>9)</span> <span class='ocrx_word' id='word_1_316' title='bbox 998 3808 1009 3870; x_wconf 78' lang='lat' dir='ltr'>ss</span> <span class='ocrx_word' id='word_1_317' title='bbox 1057 3812 1087 3856; x_wconf 83' lang='grc'>44</span> <span class='ocrx_word' id='word_1_318' title='bbox 1107 3808 1193 3873; x_wconf 91' lang='lat' dir='ltr'>adpa-</span> 
     </span>
     <span class='ocr_line' id='line_1_40' title="bbox 7 3874 1192 3946; baseline -0.003 -17"><span class='ocrx_word' id='word_1_319' title='bbox 7 3905 8 3912; x_wconf 46' lang='lat'>1</span> <span class='ocrx_word' id='word_1_320' title='bbox 109 3883 190 3929; x_wconf 86' lang='lat' dir='ltr'>truus</span> <span class='ocrx_word' id='word_1_321' title='bbox 210 3879 350 3944; x_wconf 78' lang='lat' dir='ltr'>tapatruus</span> <span class='ocrx_word' id='word_1_322' title='bbox 362 3878 412 3940; x_wconf 66' lang='grc'><strong>444,</strong></span> <span class='ocrx_word' id='word_1_323' title='bbox 432 3878 580 3943; x_wconf 89' lang='lat' dir='ltr'>adpatruos</span> <span class='ocrx_word' id='word_1_324' title='bbox 592 3877 622 3940; x_wconf 83' lang='grc'><strong>4)</strong></span> <span class='ocrx_word' id='word_1_325' title='bbox 643 3877 762 3928; x_wconf 89' lang='lat' dir='ltr'>adamita</span> <span class='ocrx_word' id='word_1_326' title='bbox 780 3880 882 3946; x_wconf 36' lang='lat' dir='ltr'>codices,</span> <span class='ocrx_word' id='word_1_327' title='bbox 895 3890 954 3927; x_wconf 80' lang='lat' dir='ltr'>com</span> <span class='ocrx_word' id='word_1_328' title='bbox 971 3877 1037 3940; x_wconf 95' lang='grc'><strong>4494</strong></span> <span class='ocrx_word' id='word_1_329' title='bbox 1064 3877 1153 3940; x_wconf 75' lang='lat' dir='ltr'>Wtstp.</span> <span class='ocrx_word' id='word_1_330' title='bbox 1182 3874 1192 3944; x_wconf 87' lang='grc' dir='ltr'>ΙΙ</span> 
     </span>
     <span class='ocr_line' id='line_1_41' title="bbox 111 3945 1192 4011; baseline -0.001 -14"><span class='ocrx_word' id='word_1_331' title='bbox 111 3951 142 3997; x_wconf 66' lang='lat' dir='ltr'>aa</span> <span class='ocrx_word' id='word_1_332' title='bbox 162 3945 260 3998; x_wconf 85' lang='lat' dir='ltr'>iratres</span> <span class='ocrx_word' id='word_1_333' title='bbox 277 3960 421 3998; x_wconf 90' lang='lat' dir='ltr'>sororesue</span> <span class='ocrx_word' id='word_1_334' title='bbox 442 3947 518 4011; x_wconf 87' lang='lat' dir='ltr'>(-que</span> <span class='ocrx_word' id='word_1_335' title='bbox 531 3947 558 4009; x_wconf 80' lang='grc'>4)</span> <span class='ocrx_word' id='word_1_336' title='bbox 581 3948 679 3996; x_wconf 83' lang='lat' dir='ltr'>codices</span> <span class='ocrx_word' id='word_1_337' title='bbox 697 3960 755 3996; x_wconf 85' lang='lat' dir='ltr'>oum</span> <span class='ocrx_word' id='word_1_338' title='bbox 773 3947 839 4009; x_wconf 87' lang='grc'><strong>4494</strong></span> <span class='ocrx_word' id='word_1_339' title='bbox 857 3946 948 4010; x_wconf 75' lang='lat' dir='ltr'>Wisip.</span> <span class='ocrx_word' id='word_1_340' title='bbox 991 3945 1003 4008; x_wconf 81' lang='grc' dir='ltr'>ΙΙ</span> <span class='ocrx_word' id='word_1_341' title='bbox 1044 3946 1192 4010; x_wconf 88' lang='lat' dir='ltr'>adnepotes</span> 
     </span>
     <span class='ocr_line' id='line_1_42' title="bbox 7 4012 1194 4081; baseline -0.004 -13"><span class='ocrx_word' id='word_1_342' title='bbox 7 4039 8 4044; x_wconf 42' lang='lat'>¹</span> <span class='ocrx_word' id='word_1_343' title='bbox 110 4016 241 4079; x_wconf 80' lang='lat' dir='ltr'>adneptee</span> <span class='ocrx_word' id='word_1_344' title='bbox 255 4017 282 4066; x_wconf 80' lang='lat' dir='ltr'><em>M</em></span> <span class='ocrx_word' id='word_1_345' title='bbox 294 4029 353 4066; x_wconf 73' lang='lat' dir='ltr'>mom</span> <span class='ocrx_word' id='word_1_346' title='bbox 368 4016 432 4080; x_wconf 86' lang='grc'><strong>4494</strong></span> <span class='ocrx_word' id='word_1_347' title='bbox 449 4016 553 4079; x_wconf 42' lang='grc'><strong>44144494,</strong></span> <span class='ocrx_word' id='word_1_348' title='bbox 570 4016 692 4080; x_wconf 85' lang='lat' dir='ltr'>adnepos</span> <span class='ocrx_word' id='word_1_349' title='bbox 705 4014 862 4079; x_wconf 86' lang='lat' dir='ltr'>adnepttsL</span> <span class='ocrx_word' id='word_1_350' title='bbox 892 4014 903 4077; x_wconf 81' lang='grc' dir='ltr'>ΙΙ</span> <span class='ocrx_word' id='word_1_351' title='bbox 933 4013 1036 4064; x_wconf 83' lang='lat' dir='ltr'>sobrini</span> <span class='ocrx_word' id='word_1_352' title='bbox 1052 4013 1156 4065; x_wconf 77' lang='lat' dir='ltr'>Contine</span> <span class='ocrx_word' id='word_1_353' title='bbox 1184 4012 1194 4081; x_wconf 82' lang='grc' dir='ltr'>ΙΙ</span> 
     </span>
     <span class='ocr_line' id='line_1_43' title="bbox 7 4083 1193 4148; baseline -0.001 -13"><span class='ocrx_word' id='word_1_354' title='bbox 7 4099 8 4106; x_wconf 67' lang='grc'>’</span> <span class='ocrx_word' id='word_1_355' title='bbox 111 4089 143 4135; x_wconf 72' lang='lat' dir='ltr'>aa</span> <span class='ocrx_word' id='word_1_356' title='bbox 161 4084 275 4148; x_wconf 87' lang='lat' dir='ltr'>idcireo]</span> <span class='ocrx_word' id='word_1_357' title='bbox 289 4085 567 4136; x_wconf 83' lang='lat' dir='ltr'>autemideirooLeat</span> <span class='ocrx_word' id='word_1_358' title='bbox 584 4084 676 4148; x_wconf 77' lang='lat' dir='ltr'>Wtst&#39;p.</span> <span class='ocrx_word' id='word_1_359' title='bbox 708 4084 719 4148; x_wconf 79' lang='grc'>44</span> <span class='ocrx_word' id='word_1_360' title='bbox 748 4083 994 4147; x_wconf 75' lang='lat' dir='ltr'>28ne01nonscr.</span> <span class='ocrx_word' id='word_1_361' title='bbox 1031 4083 1042 4147; x_wconf 83' lang='grc' dir='ltr'>ΙΙ</span> <span class='ocrx_word' id='word_1_362' title='bbox 1079 4087 1110 4132; x_wconf 81' lang='grc' dir='ltr'>3ο</span> <span class='ocrx_word' id='word_1_363' title='bbox 1129 4096 1193 4148; x_wconf 86' lang='lat' dir='ltr'>per-</span> 
     </span>
     <span class='ocr_line' id='line_1_44' title="bbox 109 4155 953 4206; baseline -0.002 0"><span class='ocrx_word' id='word_1_364' title='bbox 109 4155 278 4206; x_wconf 73' lang='lat' dir='ltr'>ueneritllt</span> <span class='ocrx_word' id='word_1_365' title='bbox 951 4165 953 4172; x_wconf 84' lang='grc'><strong>’</strong></span> 
     </span>
    </p>
   </div>
   <div class='ocr_carea' id='block_1_9' title="bbox 0 0 1479 4888">
    <p class='ocr_par' dir='ltr' id='par_1_22' title="bbox 0 0 1479 4888">
     <span class='ocr_line' id='line_1_45' title="bbox 0 0 1479 4888; baseline 0 0"><span class='ocrx_word' id='word_1_366' title='bbox 0 0 1479 4888; x_wconf 95' lang='lat' dir='ltr'> </span> 
     </span>
    </p>
   </div>
  </div>
 </body>
</html>
