2926 4888
278 345 353 396 Pani.
367 346 412 406 1V,
428 349 492 394 t-t
668 379 754 394 ...-
797 345 839 408 96
882 379 968 394 .-

275 533 384 600 liotum
414 552 625 614 quocumque,
637 534 727 597 modo
750 535 852 616 patria
873 543 1027 616 potestate
1054 533 1187 596 liberato
1210 534 1358 598 debetur.

219 622 256 682 l3
276 620 385 700 Rogati
401 620 538 681 inuicem
560 618 640 698 sibi,
659 621 685 682 si
701 621 771 682 sine
786 619 897 682 liberis
913 620 1130 699 decesserint,
1150 619 1358 683 hereditatem

276 706 461 785 restituere,
492 707 592 769 altero
614 705 788 768 decedente
812 707 879 768 sine
903 706 1014 771 liberis
1040 706 1202 770 hereditas
1225 707 1267 769 ad
1290 727 1358 769 eum

276 792 423 872 peruenit
442 792 498 872 qui
514 793 708 873 superuixit:
726 811 787 855 nec
803 809 844 853 ex
859 807 895 854 eo
911 794 1026 874 pacisci
1043 803 1150 856 eontra
1164 793 1358 855 uoluntatem

219 881 256 940 ll
276 878 435 940 testatoris
450 887 592 959 possunt.
640 879 738 940 Heres
754 888 827 940 ante
849 877 966 942 aditam
989 877 1216 956 hereditatem,
1242 879 1392 961 legata-5

276 965 342 1026 rins
364 972 535 1044 antequam
563 963 700 1045 legatum
723 965 874 1045 accipiat,
900 964 1176 1032 fideicommissum
1200 975 1359 1046 praestare

218 1051 257 1111 45
275 1068 338 1110 444
354 1059 497 1130 possunt.
544 1051 622 1110 Rem
637 1049 910 1112 fideicommissum
926 1069 953 1112 44
945 1051 1061 1114 heres
1076 1049 1260 1114 uendiderit
1275 1070 1359 1114 eam-

276 1151 339 1216 que
362 1136 467 1197 soiens
496 1137 703 1216 compararit,
733 1136 833 1198 nihilo
855 1137 962 1198 minus
983 1138 1017 1198 in
1037 1138 1272 1217 possessionem
1293 1139 1359 1199 eius

215 1224 256 1284 46
276 1219 583 1284 fideicommissarius
595 1223 695 1282 mitti
687 1241 756 1284 rure
772 1221 946 1284 desiderat.
971 1224 1123 1296 Quotiens
1134 1223 1258 1285 hbcrtrs
1270 1222 1360 1284 fidei·
1448 1227 1452 1310 l

275 1308 476 1369 commissum
488 1308 689 1386 relinquitur,
707 1307 748 1371 ad
760 1327 813 1369 eos
824 1307 1039 1372 tantummodo
1054 1309 1174 1389 placuit
1185 1309 1356 1389 pertinere,
1377 1321 1405 1364 44

275 1394 330 1473 qui
352 1394 540 1456 manumissi
560 1403 635 1455 sunt
656 1394 709 1455 uel
724 1395 779 1474 qui
796 1395 828 1455 in
845 1393 955 1456 eodem
975 1403 1164 1458 testamento
1180 1393 1358 1458 libertatem

215 1480 256 1542 tt
276 1481 358 1541 intra
385 1497 550 1541 numerum
580 1480 755 1560 legitimum
784 1481 944 1542 consecuti
966 1490 1052 1543 sunt.
1100 1480 1158 1542 Cui
1179 1480 1220 1544 ab
1243 1480 1359 1542 herede

276 1563 550 1626 fideicommissum
574 1584 636 1626 non
651 1574 849 1646 praestatur,
872 1585 935 1627 non
957 1567 1058 1628 solum
1074 1568 1108 1628 in
1129 1585 1181 1628 res
1196 1565 1359 1628 heredita-

217 1651 354 1730 484444,
379 1650 532 1713 44414444
555 1653 701 1732 proprias
716 1650 844 1713 heredis
866 1651 1037 1715 inducitur.
1085 1653 1136 1714 lus
1158 1672 1252 1715 omne
1268 1652 1360 1714 fidei-

219 1742 256 1799 49
275 1738 431 1798 commissi
447 1756 508 1799 non
526 1738 558 1799 in
573 1736 799 1816 uindicatione,
816 1737 874 1800 sed
889 1739 923 1800 in
937 1739 1090 1818 petitione
1110 1739 1265 1802 consistit.
1290 1737 1359 1799 *Fi-
1377 1750 1405 1796 tt

274 1821 546 1885 *deicommissum
575 1823 721 1886 relietum
742 1832 773 1886 et
794 1822 880 1904 apud
906 1826 1050 1886 eumeni
1073 1824 1219 1887 relietum
1246 1833 1295 1887 444
1319 1844 1360 1886 ex
1450 1789 1452 1884 l

274 1906 387 1972 *causa
406 1909 560 1972 1444444444
581 1911 748 1972 inuentum
774 1910 915 1988 extingui
936 1911 1070 1991 placuit,
1103 1910 1165 1972 nisi
1188 1909 1359 1972 defunctus

214 1999 255 2059 at
273 1992 539 2057 *aestimationem
563 2014 689 2076 quoqne
705 1997 775 2057 eius
789 1997 943 2076 praestari
965 1997 1078 2059 uoluit.
1123 1996 1285 2058 Columnis
1305 2014 1360 2058 ae·
1451 2003 1452 2072 1

274 2079 379 2142 *dium
401 2081 453 2143 uel
469 2082 566 2160 tignis
587 2101 647 2161 per
662 2080 938 2143 fideicommissum
955 2083 1073 2145 relictis
1089 2101 1124 2144 ea
1141 2081 1358 2145 tantummodo
1451 2085 1452 2088 ’

273 2164 505 2246 *amplissimus
527 2166 602 2228 ordo
623 2167 779 2248 praestari
801 2168 902 2229 uoluit
923 2169 1011 2230 nulla
1033 2169 1262 2231 aestimationis
1278 2167 1357 2230 laeta
1376 2178 1406 2223 to

273 2249 462 2332 *mentione
482 2270 563 2332 quae
579 2255 648 2314 sine
664 2252 775 2316 domus
788 2253 905 2316 iniuria
920 2253 1038 2316 auferri
1054 2253 1219 2335 possunt*

479 2438 511 2520 [n
556 2457 593 2500 nn
615 2459 741 2503 44444444
764 2460 917 2504 44444444
940 2440 1147 2523 renumerare]

359 2553 657 2622 senatusconsulto
679 2559 875 2623 Trebelliano
896 2570 1095 2642 prospectum
1118 2571 1183 2640 est,
1207 2579 1250 2623 ne
1274 2563 1359 2623 solus

272 2647 365 2708 heres
381 2645 526 2708 omnibus
540 2644 741 2710 hereditariis
758 2639 934 2709 actionibus
948 2657 1109 2710 oneretur.
1141 2657 1173 2708 et
1188 2647 1261 2709 ideo
1271 2666 1359 2749 'qno-

273 2733 356 2794 tiens
380 2730 543 2794 hereditas
564 2751 604 2794 ex
624 2751 718 2796 causa
742 2733 974 2795 fideicommissi
995 2734 1189 2812 restituitur,
1216 2735 1358 2795 actiones
1376 2745 1405 2789 tt

273 2821 342 2881 eius
353 2821 386 2880 in
398 2817 721 2881 fideicommissarium
732 2818 977 2898 transferuntur,
993 2820 1067 2899 quia
1078 2820 1255 2900 unicnique
1267 2820 1359 2882 dam-

272 2923 379 2966 nosam
396 2924 464 2966 csse
481 2904 575 2966 fidem
592 2903 679 2968 su'arn
695 2925 757 2966 non
774 2915 916 2986 oportet..

493 3092 537 3174 [ur
580 3113 617 3154 nn
639 3112 763 3155 4444444
787 3112 939 3155 44444444
962 3091 1132 3174 4444444444]

237 3217 247 3274 4
358 3213 444 3274 14444
464 3213 615 3276 1444441444
637 3223 669 3276 44
691 3213 1033 3292 fideicommissariam,
1055 3213 1108 3275 cui
1129 3232 1169 3275 ex
1185 3214 1358 3293 Pegasiano

272 3297 432 3361 hereditas
448 3300 643 3378 restituitur,
662 3301 761 3380 partis
776 3310 808 3360 et
823 3318 880 3379 pro
895 3309 985 3380 parte
1000 3299 1161 3380 stipulatio
1177 3300 1358 3380 interponi-
1375 3309 1404 3354 44
1452 3343 1453 3364 t

271 3393 340 3462 tur,
359 3394 394 3445 ut
416 3384 524 3446 heredi
541 3385 684 3447 instituto
699 3403 754 3466 pro
770 3395 881 3464 quarta
895 3386 1052 3463 actiones,
1069 3403 1125 3466 pro
1141 3386 1257 3448 ceteris
1278 3405 1357 3448 uero
1452 3381 1453 3454 J

233 3468 468 3551 2porticnibus
483 3469 772 3533 fideicommissario
786 3480 975 3572 competant.
1022 3472 1128 3533 Totam
1143 3471 1356 3536 hereditatem

272 3558 438 3618 restituere
450 3565 576 3635 rogatus
587 3557 613 3617 si
626 3567 770 3637 quartam
780 3559 919 3620 rotinere
932 3558 1010 3619 44144
1013 3556 1138 3658 ,magis
1154 3566 1214 3635 est,
1232 3567 1269 3620 ut
1284 3575 1355 3618 eam
1452 3569 1453 3636 4

271 3662 311 3704 ex
326 3640 522 3704 Trebelliano
542 3641 656 3704 debeat
677 3645 863 3705 restituere:
889 3652 965 3705 tuno
988 3643 1074 3706 enim
1089 3661 1197 3705 omnes
1211 3631 1355 3706 actiones
1452 3641 1453 3654 ³

270 3812 834 3828 Nwwwvvwvwwvvvwwvvvwvwwvx
924 3814 1003 3828 ww
1051 3813 1299 3828 vnvvwvwvvwm
1287 3810 1351 3826 ΛΑΜ

341 3903 365 3959 4,
381 3903 422 3949 44.
436 3902 514 3948 so=
531 3898 588 3962 449.
604 3902 646 3961 aa,
661 3903 703 3960 44,
720 3901 773 3950 aa

269 4031 1352 4050 xuwwwvvvwwmvwvvwmmvwvvwmwmmvvxwvvwvxmwwmmmmxſs

339 4159 370 4203 st
391 4156 542 4205 restituitur
554 4156 626 4214 dett,
646 4156 803 4204 restituetur
816 4154 864 4203 ut
893 4154 905 4217 ΙΙ
934 4156 967 4203 tt
985 4155 1093 4216 4144444,
1112 4155 1273 4207 4444444441.
