2926 4888
265 351 341 402 Paul.
354 350 430 410 lv,e
644 289 729 392 -'-
776 346 836 409 100
879 379 966 394 --

263 537 400 602 *tatione
415 535 621 619 prudentium
634 535 772 614 primum
788 535 874 596 inter
885 543 1015 615 agnatos
1025 534 1127 596 locum
1143 543 1347 614 aeceperunt.

228 630 245 688 i
264 625 339 687 *Sui
354 622 490 686 heredes
511 630 585 684 sunt
599 621 647 683 hi:
673 623 775 702 primo
796 621 862 682 loco
884 620 967 682 filius
982 620 1046 683 filia
1068 621 1100 681 in
1116 629 1271 701 potestate
1292 639 1347 700 pa-

263 710 341 772 *tris
364 709 538 772 constituti:
567 725 626 768 nee
647 707 796 786 interest,
822 705 965 787 adoptini
987 707 1051 767 sint
1073 725 1113 768 an
1132 706 1297 767 naturales
1317 713 1347 766 et

263 795 457 858 *secundum
478 794 580 874 legem
596 793 706 856 Iuliam
721 793 888 873 Papiamne
911 792 1062 874 quaesiti:
1088 791 1178 854 modo
1197 800 1347 854 maneant

227 885 245 944 5
263 882 316 943 *in
332 890 496 964 potestate.
533 879 594 954 Qui
610 879 659 940 sui
676 878 809 940 heredes
826 888 911 958 sunt,
930 879 997 958 ipso
1013 878 1083 940 iure
1099 876 1236 939 heredes
1251 877 1346 938 etiam
1363 890 1378 936 s

263 969 462 1050 *ignorantes
477 965 729 1045 constituuntur,
753 974 790 1027 ut
804 964 914 1026 furiosi
930 973 985 1027 aut
1000 963 1136 1026 inientes
1151 957 1184 1025 et
1197 965 1348 1044 peregri-

263 1052 411 1117 *naotes:
443 1051 561 1134 quibus
588 1050 743 1112 bonorum
770 1051 977 1131 possessionis
997 1059 1129 1131 propter
1153 1049 1347 1130 praetoriam

227 1141 435 1204 6*actionem
458 1157 522 1201 non
545 1146 612 1200 erat
639 1137 830 1199 necessaria.
884 1137 918 1197 ln
941 1137 1007 1198 suis
1029 1133 1204 1198 heredibus
1226 1133 1346 1197 adeoa

263 1225 381 1288 *morte
394 1223 554 1288 testatoris
576 1241 682 1285 rerum
697 1221 961 1286 hereditariarum
984 1222 1158 1283 dominium
1178 1222 1347 1283 continua·
1446 1247 1447 1290 t

262 1311 348 1391 *tur,
366 1320 403 1372 ut
415 1328 476 1374 nee
490 1309 604 1372 tutoris
619 1310 786 1372 auctoritas
799 1305 931 1390 pupillis
945 1327 1005 1369 neo
1020 1307 1147 1370 furiosis
1162 1315 1292 1369 curator
1307 1308 1348 1368 sit
1364 1317 1392 1363 ia

262 1397 488 1475 ‘necessarius
507 1395 570 1456 nisi
585 1393 664 1456 forte
679 1393 830 1456 soluendo
841 1395 882 1457 sit
893 1394 1070 1456 hereditas:
1090 1393 1347 1475 quamnisetiam

262 1483 429 1563 *furiosus
455 1483 481 1544 si
496 1481 679 1562 resipuerit,
704 1490 735 1542 et
749 1481 902 1562 pupillus,
928 1481 955 1542 si
970 1478 1156 1560 adoleuerit‚
1181 1478 1347 1541 abstinere
1445 1523 1447 1562 ,

226 1571 244 1632 7
262 1570 413 1650 *possint
453 1568 525 1630 Post
539 1575 672 1628 mortem
687 1568 788 1648 patris
802 1575 896 1628 natus
911 1566 964 1628 uel
979 1565 1019 1628 ab
1033 1564 1177 1627 hostibus
1192 1584 1348 1626 reuersus
1444 1563 1447 1704 q

261 1657 334 1719 *aut
350 1675 390 1718 ex
410 1655 511 1736 primo
526 1643 706 1716 secundoue
721 1653 879 1733 mancipio
898 1653 1124 1727 manumissus,
1143 1651 1277 1713 cuiusue
1294 1670 1347 1712 er·
1446 1713 1447 1716 ,

261 1741 361 1804 *roris
375 1759 468 1804 causa
479 1738 622 1821 probata,
641 1739 716 1800 licet
727 1757 789 1800 non
806 1736 925 1800 inerint
941 1739 973 1799 in
988 1746 1153 1818 potestate,
1171 1738 1222 1799 sui
1236 1745 1346 1799 tamen
1363 1748 1393 1795 ts

225 1826 361 1908 8⁴*patri
380 1825 516 1889 heredes
538 1823 729 1887 efficiuntur.
777 1825 847 1885 Post
862 1825 942 1886 filios
964 1823 1044 1886 filias
1059 1822 1098 1885 ad
1120 1823 1346 1885 intestatorum
1446 1827 1447 1880 ἒ

260 1914 511 1976 *successionem
527 1913 614 1972 inter
628 1929 700 1972 suos
713 1911 851 1972 ueniunt
865 1919 997 1990 nepotes
1018 1918 1132 1990 neptes
1154 1919 1346 1989 pronepotes

258 1999 452 2080 *proneptes
464 2017 501 2061 ac
515 1997 634 2059 deinde
655 1996 828 2058 masculino
842 2014 922 2058 sexu
936 2004 1007 2076 post
1021 1995 1121 2058 filium
1142 1993 1346 2058 descendan-
1444 1997 1447 2082 j

259 2083 342 2164 *tes,
369 2084 395 2146 si
410 2084 516 2147 nullus
531 2091 700 2164 parentum
722 2080 947 2162 impedimento
969 2082 1046 2162 ipsis
1070 2083 1102 2142 in
1118 2081 1170 2142 aui
1185 2090 1345 2162 potestate

259 2168 331 2232 *uel
352 2171 461 2251 proaui
469 2167 596 2232 »familia
610 2168 815 2230 remanserit:
840 2176 990 2247 parentes
1012 2167 1097 2229 enim
1118 2167 1229 2230 liberis
1261 2169 1340 2245 suis,
1359 2177 1391 2224 at

260 2255 350 2319 *eum
373 2255 491 2336 quibus
511 2254 545 2316 in
567 2262 721 2334 potestate
743 2252 873 2316 inerunt
894 2254 972 2334 ipsi,
1002 2251 1112 2315 ordine
1134 2253 1344 2314 successionis
1383 2307 1385 2318 ,

223 2339 447 2404 9*obsistunt.
493 2340 566 2402 Filii
578 2341 606 2402 si
626 2359 697 2401 cum
719 2339 889 2420 nepotibus
904 2358 945 2402 ex
967 2340 1027 2402 alio
1050 2339 1114 2400 filio
1128 2339 1288 2418 susceptis
1309 2341 1342 2400 in
1446 2385 1447 2394 ,

259 2425 396 2490 *familia
410 2428 599 2505 retinentur,
618 2425 658 2490 ad
674 2426 815 2488 intestati
825 2425 926 2506 patris
941 2426 1173 2488 successionem
1188 2443 1262 2486 cum
1278 2423 1344 2486 ira-

259 2511 335 2576 *tris
350 2513 423 2576 filiis
438 2520 602 2576 uocantur.
631 2510 750 2593 quibus
765 2511 798 2572 in
814 2512 913 2592 patris
928 2512 980 2574 sui
995 2521 1118 2591 partem
1133 2509 1343 2574 uenientibus

258 2597 437 2663 *hereditas
458 2600 491 2660 in
514 2599 648 2679 stirpes,
672 2616 736 2659 non
759 2597 793 2658 in
815 2597 920 2677 capita
935 2596 1108 2676 diuiditur,
1134 2597 1178 2660 ita
1199 2606 1235 2661 ut
1256 2615 1342 2658 unus
1358 2607 1392 2654 st
1445 2667 1446 2670 Ἴ

258 2686 361 2750 *filius
377 2693 408 2748 et
421 2684 530 2764 plures
544 2693 675 2765 nepotes
690 2683 830 2762 singulos
845 2685 993 2745 semisses
1008 2683 1157 2747 habeant.
1189 2681 1342 2764 idemque
1444 2715 1446 2762 ,

258 2772 402 2849 *euenit,
428 2772 455 2834 si
471 2790 530 2834 auo
546 2789 585 2832 ox
607 2769 731 2834 duobus
746 2769 819 2830 filiis
834 2769 949 2850 impari
971 2788 1103 2832 numero
1118 2777 1253 2849 nepotes
1269 2787 1340 2833 suc-
1444 2767 1446 2810 s

202 2857 239 2916 to
258 2855 443 2922 *cessarint
489 2859 538 2918 Ex
558 2857 624 2918 filia
645 2863 777 2936 nepotes
799 2855 847 2916 sui
870 2854 1005 2918 heredes
1027 2874 1091 2920 non
1113 2864 1205 2918 sunt:
1232 2855 1267 2921 in
1289 2855 1342 2918 aui

256 2944 362 3008 *enirn
377 2944 511 3007 materni
526 2950 679 3024 potestate
701 2940 835 3004 alienam
851 2939 1001 3004 familiam
1018 2951 1191 3020 sequentes
1205 2942 1276 3022 ipsa
1290 2960 1343 3004 ra·
1444 2947 1446 3012 4

202 3028 235 3088 44
258 3029 362 3092 *tione
379 3049 448 3092 esse
463 3048 527 3091 uon
542 3037 685 3109 possunt.
725 3026 769 3087 Eo
784 3035 927 3106 tempore
942 3046 1019 3089 suus
1035 3027 1127 3090 heres
1143 3027 1342 3101 constituen-
1358 3037 1392 3082 to
1444 3037 1446 3072 ὲ

256 3114 336 3178 *dus
349 3125 408 3196 est,
426 3133 488 3194 quo
503 3124 624 3177 certum
636 3123 684 3176 est
696 3112 836 3192 aliquem
846 3114 1029 3176 intestatum
1043 3111 1234 3174 decessisse:
1255 3111 1343 3192 quod

690 3239 697 3266 4

257 3302 308 3316 WV*

296 3385 299 3392 ‘
327 3407 352 3466 s,
367 3405 450 3452 e-ao
465 3421 497 3445 =
513 3401 674 3462 coriaceis,
689 3404 713 3463 e,
728 3404 811 3451 a-ao

988 3553 1342 3570 «ΙΜΑΜΝᾺΜΜινν-υν

327 3675 397 3739 ehi]
412 3673 464 3726 hoc
477 3675 573 3726 codices
603 3674 613 3737 ii
643 3675 807 3740 tadoptiui]
826 3676 848 3726 si
861 3675 906 3727 ad.
920 3677 1018 3726 codices
1046 3675 1057 3738 ΙΙ
1086 3690 1121 3726 an
1135 3678 1189 3728 nai.
1206 3680 1234 3727 et
1249 3677 1340 3740 cour,

257 3747 379 3796 temnat.
393 3757 440 3795 eos
456 3743 540 3794 Coti.w
556 3743 636 3794 cottv
665 3743 676 3807 ΙΙ
706 3745 902 3809 tpapiamque
915 3745 1048 3808 Schultioq
1076 3744 1087 3807 ΙΙ
1124 3748 1344 3811 ipossessionis

261 3814 340 3865 coar
366 3814 455 3873 datar,
484 3814 671 3878 possessiones
697 3813 795 3864 sorar:
826 3813 1007 3878 possessionis
1029 3814 1122 3878 petitio
1151 3817 1298 3877 requiritur
1331 3813 1346 3882 44

258 3887 272 3932 8
292 3884 344 3932 erit
356 3883 475 3933 Pithoeus
516 3880 527 3943 ΙΙ
569 3885 596 3930 44
615 3886 675 3944 post
691 3879 760 3932 iorte
777 3884 938 3934 intercidisse
953 3884 1076 3932 uideatur
1094 3883 1171 3933 tatio:
1190 3884 1219 3932 in
1237 3883 1293 3934 boc
1309 3886 1342 3934 ut

256 3949 418 4015 abstineant,
438 3952 461 4002 si
479 3964 534 4000 non
574 3949 586 4013 ΙΙ
625 3951 757 4002 soluenda
775 3952 873 4002 codices
913 3951 924 4014 ΙΙ
967 3955 997 3998 ta
1016 3950 1140 4016 probata]
1162 3951 1279 4016 probata
1298 3954 1341 4003 est

256 4033 309 4070 scr.
351 4020 363 4083 ΙΙ
404 4024 434 4070 ta
453 4020 505 4085 ipsi
518 4020 616 4069 codices
655 4020 666 4082 ΙΙ
708 4023 740 4068 44
758 4019 829 4070 filins
842 4032 905 4069 cum
923 4020 1021 4070 codices
1061 4021 1072 4083 14
1113 4024 1144 4069 43
1164 4021 1200 4070 ad
1218 4022 1342 4071 intestati
1444 4017 1445 4026 ’

259 4088 345 4139 Coti.w
361 4089 450 4150 cotav,
464 4088 498 4139 ab
511 4090 637 4138 intestato
653 4087 772 4154 0044444
801 4090 831 4138 44
846 4091 962 4139 uocatur
976 4088 1062 4140 Gottw
1078 4087 1156 4138 Coti.v
1180 4089 1191 4154 ΙΙ
1220 4089 1342 4154 partem}
1444 4125 1445 4150 2

255 4159 396 4222 parentem
410 4156 499 4218 dour,
511 4161 637 4222 parentes
652 4157 739 4207 colar
754 4156 832 4207 Coti.v
861 4157 872 4220 ΙΙ
901 4161 934 4208 46
952 4156 988 4221 eff]
1003 4171 1036 4208 er
1048 4158 1145 4208 codices
