2926 4888
505 333 828 393 *itti-—

140 535 407 634 FRAGMENTiM
422 570 658 634 REGVLARVM
677 573 831 633 INCERTI
847 571 1037 634 AVCTORIS
1054 575 1187 634 INTER-

331 672 598 737 PRETAMENTIS
613 675 794 736 DOSlTHEl
809 676 1002 737 INSERTVM

254 817 408 891 Dositheus
429 818 564 888 magister
580 819 845 888 interpretamentis
865 818 934 874 artis
949 819 1159 888 grammaticae,

166 918 256 972 quam
278 919 352 958 anno
377 907 435 961 207
461 905 631 974 composuit,
657 903 847 974 fragmentum
869 903 982 959 iuridici
1004 907 1164 974 argumenti

166 989 300 1057 inseruit,
325 1004 384 1060 quo
406 990 518 1044 initium
540 990 607 1046 libri
625 989 774 1045 cuiusdam
790 991 955 1060 regularum
971 990 1068 1046 Latine
1084 1006 1165 1047 com·

167 1075 254 1144 positi
276 1074 343 1132 olim
365 1075 499 1131 effectum
521 1075 610 1132 inisse
633 1082 661 1130 et
683 1075 775 1131 uerba
796 1073 843 1147 §3
868 1077 982 1148 reputas
1004 1080 1164 1149 consequenti

167 1162 238 1216 mihi
259 1161 384 1217 indicant
407 1169 435 1216 et
457 1155 520 1232 ipsa
542 1163 638 1232 operis
661 1161 696 1216 ad
712 1161 790 1232 quod
806 1161 997 1236 fragmentum
1011 1163 1079 1218 olim
1094 1178 1164 1231 per-

165 1247 252 1302 tinuit
266 1246 379 1302 indoles
394 1247 517 1303 suadere
533 1248 660 1303 uidetur.
1156 1251 1158 1256 '

256 1332 409 1388 Dositheus
425 1334 522 1391 Latino
538 1333 862 1403 interpretamentorum
884 1334 1030 1391 contextui
1049 1336 1163 1390 uersic-

166 1434 236 1475 nem
251 1420 389 1475 Graecam
412 1435 443 1474 se
465 1419 608 1475 addidisse
631 1425 762 1488 testatur,
789 1424 876 1490 atque
898 1420 1068 1476 uniuersum
1089 1434 1162 1489 opus

166 1505 295 1560 Latinam
309 1505 435 1575 linguam
451 1503 646 1562 ediscentibus
661 1505 823 1562 destinauit.
861 1511 963 1575 postea
978 1510 1074 1560 autem
1090 1506 1118 1561 id
1133 1507 1162 1560 in

168 1607 253 1646 usum
269 1606 371 1647 eorum
386 1592 435 1662 qui
452 1591 561 1648 Graece
577 1575 751 1648 docerentur
766 1591 886 1648 cessisse
902 1607 997 1662 neque
1010 1591 1162 1649 Dosithea-

168 1693 271 1733 norum
287 1677 611 1748 interpretamentorum
632 1679 831 1734 recensionem
853 1677 888 1732 ad
911 1693 965 1733 nos
980 1672 1158 1748 peruenisse,

166 1761 221 1818 sed
243 1762 317 1818 hanc
339 1765 434 1834 operis
457 1770 568 1834 partem
591 1763 651 1819 iere
671 1779 776 1819 nouam
791 1763 893 1818 faciem
907 1764 1034 1819 induisse
1050 1779 1084 1818 ex
1100 1759 1161 1834 ipsa

167 1851 491 1919 interpretamentorum
517 1849 612 1920 qualia
638 1849 791 1905 traduntur
816 1849 984 1906 condicione
1009 1854 1162 1925 consenta-

168 1950 258 1990 neum
279 1941 334 1990 est.
374 1935 477 1991 menda
494 1937 569 1991 enim
585 1938 613 1992 in
628 1942 752 2006 utroque
779 1929 818 2010 (id
833 1936 921 1991 estin
936 1937 1046 1992 Graeco
1061 1942 1090 1991 et
1105 1933 1161 1991 La-

167 2013 237 2096 tino)
264 2027 345 2076 textu
368 2020 454 2078 obuia
476 2021 551 2078 facta
572 2022 711 2094 pleraque
733 2037 790 2077 non
813 2013 878 2076 talia
900 2027 976 2090 sunt,
1002 2022 1097 2091 qualia
1112 2027 1161 2078 aut

165 2107 350 2163 librariorum
379 2108 509 2164 socordia
540 2114 589 2163 aut
618 2108 692 2164 male
718 2107 870 2165 doctorum
894 2106 1161 2179 interpolationibus

165 2200 337 2263 nascuntur,
364 2193 414 2248 sed
438 2195 533 2263 potius
555 2209 713 2264 puerorum
728 2194 873 2264 ingenium
889 2193 1025 2265 produnt,
1052 2194 1103 2263 qui
1117 2193 1160 2248 al-

164 2281 257 2334 terius
279 2279 392 2349 linguae
409 2285 574 2336 contextum
590 2279 625 2335 ad
641 2279 732 2336 uerba
747 2280 888 2358 uertendo
903 2282 941 2335 ita
956 2280 1046 2335 altera
1061 2279 1160 2340 reddi-

164 2363 261 2420 derint
277 2372 306 2420 et
320 2367 523 2435 expresserint,
547 2372 578 2420 ut
593 2367 684 2436 ipsam
699 2367 795 2436 operis
810 2365 980 2422 sententiam
995 2357 1158 2436 intellegere

164 2457 195 2506 et
209 2451 248 2506 ita
263 2458 295 2507 ut
309 2456 374 2523 apte
390 2451 514 2522 intellegi
529 2458 626 2523 posset
644 2456 757 2507 uertere
772 2453 888 2507 minime
904 2457 1048 2508 curarent.

253 2538 454 2608 Fragmentum
469 2537 536 2594 illud
553 2537 665 2592 iuridici
677 2538 846 2607 argumenti,
865 2537 901 2592 de
914 2552 972 2607 quo
984 2553 1071 2606 supra
1084 2536 1159 2592 dixi-

164 2639 241 2691 mus,
268 2623 325 2679 duo
349 2623 463 2680 codices
485 2625 514 2678 in
536 2623 710 2680 bibliotheca
733 2623 1017 2695 Lugduno-Bataua‘
1031 2627 1158 2678 extantes

162 2700 296 2764 tradunt:
316 2709 397 2777 alter,
420 2710 471 2779 qui
485 2724 637 2765 numerum
656 2715 693 2766 80
711 2709 775 2779 lert,
796 2707 912 2765 saeculo
929 2708 969 2762 IX
984 2708 1030 2763 uel
1046 2709 1074 2762 X
1095 2702 1158 2783 (uo-

163 2793 211 2850 bis
230 2787 280 2869 V),
306 2795 387 2863 alter‚
414 2796 464 2864 qui
481 2792 613 2866 omittit§
633 2800 659 2864 4,
685 2811 806 2852 nurnero
824 2800 856 2852 64
879 2796 996 2864 insignis
1017 2787 1109 2869 (nohis
1123 2789 1153 2868 S)

164 2880 280 2952 Iosephi
303 2881 437 2951 scaligeri
466 2897 554 2936 manu
583 2882 706 2951 scriptus
729 2886 783 2936 est.
826 2881 882 2937 hoc
904 2887 1001 2936 autem
1024 2879 1183 2950 Scaligeri.

162 2967 363 3038 apographum
385 2967 561 3039 descriptum
577 2972 620 3022 est
635 2974 683 3023 aut
698 2983 733 3022 en
749 2972 811 3038 ipso
828 2965 936 3022 Claudii
951 2966 1070 3022 Puteani
1084 2963 1157 3021 libro

163 3054 392 3125 manuscripto,
423 3069 459 3108 ex
481 3069 539 3123 quo
562 3053 663 3108 Petrus
684 3052 819 3108 Pithoeus
842 3053 972 3108 latinum
994 3057 1158 3109 contextum

89 3141 92 3149 '
162 3138 232 3194 inde
255 3137 333 3210 a§i
352 3138 440 3194 edidit
450 3133 485 3215 ¹),
512 3146 561 3194 aut
584 3155 617 3193 ex
641 3132 830 3212 simillim02).
877 3137 923 3193 hic
945 3138 1063 3193 Puteani
1085 3135 1159 3193 liber

163 3225 285 3282 fortasse
307 3224 384 3282 idern
407 3231 451 3280 est
473 3230 559 3295 atque
582 3225 674 3281 codex
696 3225 860 3280 Parisiensis
876 3224 967 3279 Latin.
988 3229 1067 3282 6503
1092 3239 1158 3279 sae-

162 3311 222 3366 culi
237 3311 265 3364 X
280 3310 327 3366 uel
342 3311 383 3365 XI
392 3305 413 3387 ³)
445 3303 539 3387 (nobis
553 3304 597 3386 P),
624 3312 652 3366 in
674 3313 757 3367 cuius
780 3311 846 3366 lolio
869 3311 962 3380 primo
977 3311 1081 3380 legitur
1095 3312 1153 3366 loc.

162 3397 282 3452 Prrteoni
298 3397 338 3453 ct.
357 3397 419 3470 fii:
445 3397 523 3467 quod
546 3404 641 3452 tamen
657 3411 713 3482 pro
726 3404 805 3452 certo
821 3396 964 3453 affirmare
979 3411 1037 3454 non
1053 3397 1152 3465 ausim,

116 3528 220 3542 ’ΛΙΧἈΦΜ
407 3527 1194 3542 ῚῊΜΝΛΑΜΧΝΜῊΜΜἏΙΝΝὛῊῊἹΨἏΝἫΜΜΧΛΜΛΛΛΜΛ

189 3596 205 3658 ¹)
228 3597 387 3660 Fragmenta
404 3597 538 3662 quaedam
557 3598 697 3661 Papiniani
711 3597 786 3647 Pauli
798 3598 905 3662 leiani
919 3599 976 3648 Gaii
990 3597 1133 3647 Modestiui
1145 3598 1196 3645 etc.

117 3681 151 3717 ex
164 3665 331 3716 bibliotheca
343 3667 370 3716 P.
387 3666 499 3716 Pithoei.
519 3667 639 3716 Lutetiae
653 3669 721 3714 ⁴573·
730 3680 756 3730 p.
773 3669 820 3714 443
831 3679 890 3730 sqq.

187 3731 206 3798 2)
229 3733 429 3788 habitationem
447 3735 513 3784 mihi
526 3735 698 3798 potissimum
711 3735 893 3799 discrepantia
905 3736 933 3784 in
946 3732 959 3798 ξ
973 3737 1003 3782 44
1017 3732 1099 3784 obuia
1111 3733 1197 3790 inicit,
1218 3788 1220 3792 .

116 3803 167 3930 {rbi
180 3806 209 3853 in
223 3803 242 3854 S
254 3803 352 3866 legitur
371 3819 455 3871 μεντοι
466 3799 594 3870 παθαρμω
606 3801 724 3864 accierat,
745 3802 818 3868 apud
830 3803 970 3853 Pithoeum
989 3799 1022 3869 4η
1034 3795 1199 3871 καθαρμωτι-

131 3889 193 3923 εται.

187 3938 205 4004 ³)
229 3939 277 3992 llis
295 3941 412 3992 saeculis
430 3953 492 3990 eurn
510 3939 606 3990 tribuit
623 3941 665 3991 Fr.
680 3939 766 3991 llaase
785 3939 858 4004 apud
870 3937 1073 4002 Boeckingium,
1093 3939 1200 4002 leiani

117 4008 269 4073 fragmenta
281 4009 325 4060 ed.
340 4011 375 4059 iv
388 4011 494 4076 Lipsiae
508 4013 573 4058 ists
586 4023 617 4074 p.
630 4013 692 4058 458:
715 4009 816 4060 saeculi
828 4009 887 4057 vili
899 4008 944 4057 uel
958 4007 996 4057 lX
1014 4007 1131 4058 eundem
1150 4019 1199 4056 co-

117 4079 210 4129 dicem
229 4091 289 4129 esse
307 4079 367 4128 uult
384 4080 414 4130 Α.
428 4078 587 4139 Boucherie,
606 4078 718 4128 Notices
736 4081 763 4128 et
781 4078 890 4127 extruite
905 4075 954 4126 des
966 4089 1031 4126 mss.
1045 4075 1080 4126 de
1092 4076 1118 4126 la
1129 4073 1197 4125 bibl.

118 4147 256 4198 nationale
266 4149 317 4198 etc.
332 4151 397 4198 tom.
411 4147 506 4198 XXlil.
528 4149 603 4197 Paris
617 4150 680 4196 ⁴872
694 4161 721 4211 p.
735 4149 793 4194 295.
