2922 4898
489 391 576 404 ...-
622 359 660 420 15
704 393 791 404 ..-
1075 360 1134 426 vlp.
1151 365 1178 410 tt

92 547 254 625 mitatem,
280 545 406 608 leminis
428 555 534 608 autem
557 555 620 609 tom
642 547 863 627 impuberibus
879 566 973 626 quam
988 547 1179 629 puberibus,

94 641 126 693 et
152 641 284 712 propter
310 651 405 694 sexus
430 631 643 694 infirmitatem
670 643 702 695 et
727 642 857 714 propter
879 631 1050 696 forensium
1073 654 1182 698 rerum

94 719 314 798 ignorantiam.

55 805 74 864 2
181 806 316 866 Tutores
333 813 387 865 aut
401 805 534 884 legitimi
548 814 624 866 sunt
638 814 693 866 aut
708 814 838 866 senatus
853 806 1003 868 consultis
1019 809 1181 870 constituti

93 899 149 951 aut
165 889 308 952 moribus
324 889 508 952 introducti.
1193 911 1214 956 c

55 977 73 1036 3
182 977 326 1056 Legitimi
349 985 470 1038 tutores
492 986 586 1055 sunt,
611 978 664 1058 qui
683 995 724 1038 ex
745 978 815 1058 lege
837 977 943 1057 aliqua
965 977 1178 1042 descendunt:

93 1081 152 1142 per
173 1063 376 1124 eminentiam
399 1071 505 1123 autem
527 1063 657 1143 legitimi
681 1062 844 1142 dicuntur,
872 1063 927 1143 qui
950 1083 991 1125 ex
1011 1064 1081 1145 lege
1101 1064 1182 1128 duo-

94 1147 199 1209 decim
229 1147 410 1209 tabularum
436 1147 700 1228 introducuntur,
733 1168 792 1210 seu
815 1149 937 1230 palam,
971 1151 1081 1230 quales
1107 1161 1182 1213 sunt

57 1237 74 1294 4
94 1234 213 1314 agnati,
238 1252 295 1295 seu
310 1253 369 1314 per
382 1236 649 1314 consequentiam,
674 1235 784 1314 quales
800 1243 876 1296 sunt
889 1238 1025 1315 patroni.
1064 1236 1179 1317 Agnotl

94 1329 171 1382 sunt
192 1338 210 1380 a
232 1331 323 1400 patre
339 1322 461 1400 cognati
476 1321 580 1382 uirilis
595 1339 690 1382 sexus
706 1341 764 1401 per
778 1321 906 1382 uirilem
922 1341 1032 1384 sexum
1048 1321 1181 1386 descen·
1201 1339 1231 1384 to

94 1406 207 1467 dentes
223 1405 366 1468 eiusdem
382 1405 537 1486 familiae,
562 1407 663 1467 ueluti
678 1407 803 1487 patrui,
829 1406 962 1486 fratres,
987 1408 1042 1469 filii
1061 1408 1176 1487 fratris,

57 1494 75 1553 5
93 1491 267 1572 patrueles.
304 1493 365 1564 Qui
380 1491 517 1554 liberum
532 1501 627 1573 caput
641 1494 855 1573 mancipatum
869 1492 931 1554 sibi
947 1495 1000 1555 uel
1016 1514 1032 1555 a
1049 1505 1181 1576 parente

94 1579 147 1640 uel
169 1597 187 1638 a
211 1579 471 1658 coemptionatore
495 1579 690 1658 manumisit,
716 1598 775 1659 per
796 1579 1038 1641 similitudinem
1058 1583 1180 1662 patroni

58 1667 75 1725 6
94 1673 179 1726 tutor
194 1661 346 1740 allicitur,
371 1666 426 1744 qui
442 1663 624 1726 fiduciarius
640 1673 724 1726 tutor
738 1665 924 1745 appellatur.
965 1668 1109 1746 Legitimi
1129 1679 1181 1730 tu·
1301 1731 1303 1738 ,

57 1753 74 1812 7
93 1760 180 1811 tores
202 1750 256 1810 alii
277 1751 406 1812 tutelam
425 1751 457 1811 in
480 1753 549 1812 iure
571 1749 685 1812 cedere
708 1759 852 1831 possunt.
892 1752 932 1830 rs,
958 1753 1009 1812 cui
1032 1753 1132 1814 tutela
1148 1754 1180 1815 in
1201 1770 1231 1816 ts

93 1838 163 1898 inre
180 1853 269 1897 cessa
285 1846 347 1915 est,
374 1837 524 1898 cessicius
546 1845 632 1898 tutor
653 1837 842 1917 appellatur.
882 1838 938 1916 qui
953 1839 1022 1900 siue
1037 1849 1180 1901 mortuus

94 1921 192 1983 luerit
214 1923 283 1983 siue
305 1923 406 2002 capite
429 1924 571 1984 minutus
593 1923 661 1984 siue
684 1923 736 1984 alii
759 1922 885 1984 tutelam
908 1925 940 1984 io
955 1925 1023 1984 titre
1037 1927 1177 2003 cesserit,

93 2007 177 2070 redit
201 2007 242 2069 ad
264 2008 440 2088 legitimum
460 2017 596 2070 tutorem
617 2009 727 2070 tutela.
760 2007 818 2070 sed
840 2018 873 2070 et
894 2010 922 2071 si
941 2009 1100 2090 legitimus
1123 2011 1181 2074 de-

93 2095 228 2156 cesserit
242 2103 297 2155 aut
312 2095 414 2174 capite
430 2095 570 2156 minutus
589 2093 695 2172 fuerit,
720 2095 851 2157 cessicia
867 2113 995 2176 quoque
1010 2098 1108 2158 tutela
1124 2116 1181 2158 ex-

6 2183 7 2228 1
55 2182 259 2260 8tinguitur.
298 2181 457 2252 Quantum
479 2179 520 2242 ad
542 2188 671 2260 agnatos
694 2182 842 2262 pertinet,
868 2181 961 2243 hodie
984 2185 1112 2246 cassicia
1127 2194 1180 2244 tu·
1199 2199 1230 2244 so

6 2287 7 2308 i
92 2267 154 2328 tela
177 2285 241 2327 non
264 2265 423 2346 procedit,
447 2269 595 2347 quoniam
617 2268 809 2346 permissum
831 2276 898 2329 orat
920 2269 953 2330 in
977 2270 1044 2331 iure
1066 2268 1180 2331 cedere

6 2415 7 2438 ,
92 2353 226 2414 tutelam
242 2351 431 2414 seminarum
447 2363 588 2431 tantum,
612 2372 674 2414 non
692 2355 788 2415 etiam
803 2354 1028 2433 masculorum,
1047 2355 1181 2418 femina·

6 2447 9 2516 ⁵:
93 2458 166 2500 rum
190 2448 295 2500 autem
317 2441 473 2520 legitimas
494 2440 610 2502 tutelas
625 2440 677 2500 lex
692 2439 822 2502 Claudia
838 2441 967 2502 sustulit
982 2451 1113 2522 excepta
1128 2452 1182 2504 tu-

91 2527 156 2588 tela
171 2535 389 2605 patronorum.

7 2607 15 2688 l
37 2613 74 2672 lll
181 2613 332 2692 Legitima
354 2612 452 2673 tutela
474 2612 587 2690 capitis
608 2609 825 2673 deminutione
847 2614 1013 2675 amittitur.
1062 2614 1181 2694 Capitis
1199 2630 1231 2676 st

7 2697 9 2722 ³
38 2699 69 2757 44
93 2699 281 2759 minutionis
295 2699 419 2778 species
434 2706 508 2759 sunt
523 2707 604 2776 treS,
624 2699 775 2776 maxima,
796 2698 917 2778 media,
936 2700 1076 2762 minima.
1116 2702 1181 2761 Ma-

7 2849 8 2854 ,
92 2785 180 2846 xima
202 2784 313 2864 capitis
335 2783 507 2846 deminutio
530 2795 593 2863 est,
619 2803 677 2864 per
699 2802 794 2864 quam
816 2794 848 2846 et
870 2786 982 2846 ciuitas
1002 2794 1034 2846 et
1048 2784 1201 2847 libertas

7 2867 9 2918 ῗ
93 2871 267 2932 amittitur:
301 2871 401 2932 uoluti
424 2889 495 2931 oum
518 2871 668 2931 incensus
690 2870 805 2949 aliquis
830 2872 985 2948 uenierit,
1015 2880 1069 2932 aut
1096 2869 1181 2951 quod

7 2995 8 2998 =
93 2956 210 3018 mulier
232 2957 334 3018 alieno
356 2975 449 3017 seruo
472 2975 505 3017 se
529 2957 670 3017 iunxerit
692 2955 896 3018 denuntiante
919 2955 1045 3017 domino
1069 2966 1101 3018 et
1123 2976 1182 3018 an·

7 3031 8 3080 ⁷
39 3045 75 3104 44
93 3043 165 3104 cilla
189 3041 269 3104 lacta
292 3043 390 3103 luerit
413 3060 453 3103 ex
475 3050 603 3104 senatus
625 3042 766 3102 consulto
790 3040 970 3103 Claudiano.
1009 3041 1111 3104 Media
1127 3062 1181 3106 ca·
1200 3055 1231 3101 tt

94 3130 170 3210 pitis
186 3127 362 3190 deminutio
378 3126 510 3208 dicitur,
537 3147 595 3208 per
616 3146 710 3208 quam
730 3129 795 3188 sola
810 3129 938 3190 ciuitate
954 3130 1067 3190 amissa
1082 3128 1183 3192 liber-

93 3227 142 3277 tas
165 3216 340 3277 retinetur:
367 3212 452 3294 quod
475 3214 509 3275 fil
532 3215 565 3274 in
588 3233 624 3275 eo
647 3215 698 3275 cui
720 3232 802 3294 aqua
825 3226 857 3276 et
879 3215 945 3294 igni
968 3213 1178 3278 interdicitur.

39 3302 74 3362 43
94 3303 222 3363 llinima
244 3299 356 3380 capitis
377 3298 552 3361 deminutio
573 3311 630 3380 est,
656 3318 716 3380 per
737 3319 832 3380 quam
849 3311 880 3362 et
894 3301 1021 3363 ciuitate
1037 3313 1068 3363 et
1083 3301 1183 3364 liber·

8 3399 10 3446 j
93 3397 159 3449 tate
183 3387 271 3448 salua
293 3396 392 3448 status
414 3385 575 3447 dumtaxat
600 3386 737 3447 bominis
763 3397 919 3449 mutatur:
953 3386 1038 3466 quod
1064 3389 1099 3450 fit
1124 3387 1183 3450 ad·

8 3547 9 3552 ¹
93 3475 222 3554 optione
239 3482 270 3533 et
287 3474 319 3532 in
335 3490 462 3533 manum
477 3472 693 3534 conuentione.
1199 3485 1231 3532 tt

8 3579 10 3630 l

166 3767 252 3814 ttam
264 3777 313 3814 oto.
333 3759 379 3829 041
396 3763 593 3828 tignorntiac
609 3760 619 3828 ΙΙ
638 3767 649 3811 4
666 3763 832 3815 sonatlsc⁸l
849 3761 859 3831 ΙΙ
876 3766 1013 3829 tquiom.
1032 3764 1051 3814 C
1072 3761 1082 3830 ΙΙ
1105 3768 1182 3830 tpa-

94 3834 148 3884 lam
165 3833 272 3892 Vahlen,
286 3833 462 3898 perpalnmC
489 3830 499 3899 ll
529 3832 675 3897 tagnlth
695 3828 706 3899 ll
728 3832 846 3896 agnitic
874 3829 884 3899 ΙΙ
915 3837 941 3882 44
958 3833 1183 3898 patruipostlra·

94 3905 144 3953 trls
162 3903 270 3952 collocat
285 3901 436 3952 ctcroados
469 3899 480 3968 ll
516 3906 546 3951 44
566 3902 732 3967 patruelisG
764 3898 774 3967 ll
810 3906 840 3952 tt
860 3903 1147 3966 quoemptlenatored
1173 3900 1183 3968 ll

9 3995 10 4040 ,
95 3975 125 4021 lt
146 3972 193 4022 alil
207 3971 329 4022 tutelae
362 3967 373 4036 ΙΙ
408 3974 438 4020 46
458 3970 625 4021 concessae
652 3967 662 4036 ΙΙ
692 3969 847 4021 oesslcusC
873 3966 884 4036 ll
918 3973 948 4019 44
968 3969 1089 4021 tutclnG
1115 3967 1127 4036 ΙΙ
1155 3972 1183 4021 in

95 4041 154 4090 inre
173 4041 288 4090 cesserit
307 4040 414 4102 llocdcr,
433 4038 638 4104 processorltC
670 4035 680 4104 ΙΙ
715 4043 747 4088 4ο
767 4038 896 4089 oesslac
928 4034 939 4104 ll
974 4041 1006 4088 44
1024 4038 1143 4090 tutelat'
1174 4037 1185 4106 ΙΙ
1279 4089 1282 4094 .

95 4111 127 4157 44
147 4105 298 4160 sustineto
329 4104 340 4174 ll
375 4111 406 4158 48
424 4107 566 4158 ueneritc
597 4105 608 4175 l
642 4112 690 4158 aut
701 4108 810 4168 mulier,
823 4107 896 4172 quod
909 4107 998 4157 alieno
1010 4119 1032 4158 s.
1048 4119 1070 4158 s.
1084 4108 1115 4170 i.,
1136 4108 1184 4160 de-

9 4245 10 4254 ,
94 4179 239 4230 nuntiante
253 4176 364 4227 domino
377 4176 549 4228 elusanoilla
562 4177 679 4228 Huschke
706 4173 718 4241 ll
749 4181 779 4226 45
798 4189 881 4226 manu
895 4175 1086 4226 coudltloueG
