2926 4888
518 343 604 358 ....
649 311 687 373 67
733 343 819 358 ,-
972 313 1207 370 enutriit-ri

124 501 257 571 locauit,
281 499 367 580 quod
383 500 494 562 idonea
510 493 635 562 nomina
651 518 714 560 non
731 498 881 576 habebat,
900 502 951 560 cui
967 502 1101 581 pecunia
1116 500 1209 560 colto-

126 594 229 648 octur:
255 587 347 648 cuius
368 587 414 647 rei
438 589 621 647 contestatio
642 585 728 665 apud
750 584 929 665 praesidem
951 586 1134 665 prouinciae
1150 584 1209 646 de-

80 671 104 732 7
125 671 275 752 ponenda
290 680 350 733 est.
373 670 440 732 *Ob
456 669 548 733 fenus
562 672 729 751 pupillaris
743 673 898 752 pecuniae
915 691 973 752 per
984 672 1208 733 contumaciam

123 760 207 818 *non
223 759 398 820 exercitum
413 766 468 819 aut
483 754 652 820 fundorum
668 759 814 820 omissam
833 758 1096 838 comparationem
1111 766 1205 833 tutor,
1275 785 1278 795 ¹

123 845 248 904 *sinon
265 842 305 905 ad
321 841 470 906 damnum
487 842 723 906 resarciendum
740 842 872 904 idoneus
888 851 946 921 cst,
965 851 1053 904 extra
1065 843 1207 905 ordinem
1227 856 1240 900 5

123 927 375 992 *coercebitur*

513 1115 562 1199 [rr
604 1135 641 1178 nu
663 1115 818 1198 utuutms]

82 1238 97 1296 4
212 1236 261 1298 Ob
277 1236 413 1298 subitam
435 1234 668 1315 ualetudinem,
693 1237 733 1298 ob
748 1239 959 1324 necessariam
981 1238 1209 1316 peregrinatio-

124 1342 210 1400 nem,
229 1322 270 1384 ob
285 1323 480 1384 inimicitiam
493 1333 524 1384 θῖ
540 1326 650 1385 inanes
666 1324 713 1384 rei
728 1323 867 1385 actiones
879 1323 1001 1402 integra
1015 1321 1118 1384 adhue
1133 1341 1209 1384 oau-

80 1411 103 1470 2
124 1428 159 1471 sa
176 1408 315 1471 mandati
330 1411 454 1488 negotio
469 1411 647 1471 renuntiari
670 1417 783 1490 potest.
824 1410 856 1470 Si
873 1409 950 1470 meis
966 1409 1103 1470 nummis
1118 1427 1208 1470 man·
1227 1421 1257 1466 44

124 1494 198 1558 dato
220 1505 274 1556 tuo
290 1494 412 1574 aliquid
433 1494 491 1556 tibi
506 1514 746 1575 comparauero,
771 1495 829 1556 etsi
846 1513 912 1556 rem
934 1503 1044 1575 postea
1063 1495 1206 1574 accipere

124 1582 224 1661 nolis,
248 1580 389 1642 mandati
410 1584 490 1642 actio
512 1582 588 1642 mihi
612 1580 766 1643 aduersus
789 1588 820 1642 te
842 1581 999 1661 competit.
1038 1581 1205 1642 nonenim

122 1677 247 1730 tantum
264 1666 350 1748 quod
364 1669 543 1748 impensum
559 1676 623 1746 est,
643 1666 698 1729 sed
715 1675 743 1728 et
755 1685 869 1728 usuras
885 1669 952 1729 eius
968 1666 1118 1745 consequi
1134 1685 1208 1745 pos·

81 1755 101 1815 3
123 1773 205 1816 sum.
247 1753 338 1815 Certo
359 1755 460 1834 pretio
476 1773 544 1815 rem
569 1754 674 1816 iussus
696 1752 872 1814 distrahere
894 1753 921 1814 si
936 1752 1067 1813 minoris
1090 1750 1208 1817 uendi-

123 1840 220 1917 derit,
240 1838 377 1900 mandati
394 1839 509 1901 iudicio
524 1840 620 1920 pretii
635 1858 757 1902 summa
772 1839 886 1918 poterit
901 1837 1066 1918 integrari:
1091 1837 1207 1912 uendi7
1226 1849 1257 1894 ⁴5

122 1927 241 1987 tionem
258 1926 343 1986 enim
358 1925 489 1987 dissolui
504 1945 566 1986 non
580 1926 709 2006 placuit.

524 2112 582 2194 [ivr
625 2131 680 2174 rao
703 2109 801 2192 sooro]

209 2235 299 2295 Sicut
313 2234 447 2310 lucrum,
474 2235 514 2294 ita
538 2232 689 2294 damnum
713 2233 797 2293 inter
818 2233 917 2293 socios
939 2235 1202 2296 communicatur:

122 2321 185 2382 nisi
201 2318 281 2400 quid
298 2320 390 2400 culpa
405 2320 480 2380 socii
496 2320 550 2381 uel
566 2317 676 2379 fraude
691 2337 839 2380 euersum
855 2319 906 2380 sit.

424 2505 494 2590 [xvir
538 2526 574 2568 nx
593 2527 688 2568 narro
711 2526 745 2568 rr
768 2507 905 2588 vnunrro]
1225 2519 1255 2564 so

87 2629 99 2688 4
210 2628 364 2690 Venditor
392 2629 417 2688 si
448 2630 517 2688 eius
546 2628 592 2688 rei
614 2645 709 2707 quam
729 2625 876 2689 uendidit
898 2626 1044 2689 dominus
1067 2629 1202 2704 nonsit,

123 2717 227 2796 pretio
242 2724 370 2793 accepto
385 2714 579 2774 auctoritatis
591 2712 734 2774 manebit
747 2712 919 2774 obnoxius:
937 2714 1029 2774 aliter
1044 2715 1129 2774 enim
1144 2733 1205 2775 non

85 2801 104 2862 2
123 2809 227 2882 potest
242 2799 387 2880 obligari.
424 2800 457 2861 Si
473 2818 524 2860 ros
547 2799 735 2879 simpliciter
750 2798 883 2860 traditae
900 2800 1100 2877 autumatur,
1119 2809 1205 2860 tanto

122 2887 274 2950 uenditor
296 2887 429 2966 emptori
450 2883 709 2946 condemnandus
724 2895 787 2962 est,
813 2891 930 2965 quant‘o
952 2885 979 2945 si
1002 2885 1204 2964 stipulatione

84 2973 103 3032 3
123 2993 180 3055 pro
196 2972 354 3034 onictione
369 2973 516 3032 cauisset.
546 2972 608 3032 Res
623 2980 728 3051 empta
743 2971 974 3050 mancipatione
990 2979 1021 3031 θῖ
1036 2968 1204 3032 traditione
1223 2982 1255 3028 aa

122 3058 264 3140 perfecta
280 3059 308 3119 si
322 3059 504 3135 animatur,
529 3058 723 3124 auctoritatis
738 3056 887 3118 uenditor
902 3055 998 3137 duplo
1014 3064 1108 3117 tenus
1123 3055 1205 3118 obli-

85 3145 103 3204 4
123 3155 227 3226 gatur.
265 3144 420 3206 Distracto
441 3141 539 3205 fundo
555 3145 581 3204 si
597 3143 670 3223 quis
685 3141 725 3204 de
748 3142 838 3204 modo
854 3143 1041 3219 mentiatur,
1060 3143 1092 3202 in
1108 3141 1204 3224 duplo

127 3314 310 3330 tvwvwmavwx.
320 3319 326 3324 .
334 3313 432 3326 mmm-vsu
440 3312 513 3325 wvvvx
520 3312 549 3325 ‘vx
558 3312 622 3324 mmm
634 3313 639 3321 x
650 3312 662 3323 κ,
697 3312 735 3323 ψη
749 3303 835 3324 ,vudum-
849 3311 961 3324 zvuxtxr-tvx
969 3312 974 3322 x
983 3312 1150 3326 νωΛΛΛΛΛΛΛν»
1159 3313 1201 3326 vu

194 3401 481 3464 it,1r=ma.eo,r,
498 3402 528 3448 te
552 3400 562 3462 ΙΙ
588 3404 629 3457 45,
646 3404 654 3448 4
672 3405 793 3460 caparra
807 3419 837 3441 =
851 3399 911 3462 Die.
927 3402 968 3458 tr,
984 3402 1007 3460 t,
1021 3402 1052 3450 84
1076 3383 1079 3389 ’

125 3535 495 3550 ψΝνναννννννκΛΛΛ-ιυνκυκψν·
506 3534 545 3547 xv«
558 3535 607 3547 *nx-,x
619 3535 632 3545 υ
644 3537 648 3544 ι
676 3534 712 3546 ,θη
722 3533 1202 3548 ,ηΑρΛΛΝηΗψΜΛΜΛΜΛΛΜΝᾺΜἏΝ

194 3646 204 3690 4
227 3641 343 3705 pecurda
355 3639 525 3691 collocentur
537 3640 595 3698 ML,
608 3640 740 3703 pecuniae
752 3639 921 3688 collocentur
931 3640 991 3689 dett.
1028 3639 1039 3702 ΙΙ
1073 3642 1088 3688 ⁹
1107 3639 1143 3690 ob
1162 3641 1205 3688 in-

123 3724 189 3762 anes
201 3711 241 3760 rei
253 3711 375 3760 actiones
392 3710 422 3771 h,
443 3708 478 3758 ob
490 3709 579 3758 inanis
591 3709 629 3758 rei
642 3709 775 3758 actionem
794 3707 831 3768 Μ,
852 3721 900 3757 seu
911 3705 946 3757 oh
959 3709 1054 3758 inanes
1066 3709 1105 3757 rei
1117 3709 1204 3757 actio-

124 3793 172 3830 nes
186 3779 246 3842 Dip.
277 3779 288 3842 li
318 3780 422 3841 integra
433 3776 524 3827 adhuc
536 3782 623 3827 tuetur
635 3777 825 3838 Interpretctio:
843 3778 984 3826 seeundum
997 3777 1058 3826 tuat.
1074 3780 1098 3836 a,
1114 3779 1156 3835 to,
1172 3779 1199 3823 44

126 3849 184 3913 Dia.
201 3850 398 3910 imma-25
411 3851 529 3907 expectes
542 3857 593 3896 nec
604 3847 708 3909 integra
737 3845 747 3907 ΙΙ
777 3849 808 3892 to
828 3845 1172 3908 negotiot,negotiumid
1195 3841 1205 3910 Η

126 3921 157 3966 tt
175 3931 230 3968 non
242 3915 325 3979 enim]
340 3920 458 3976 expectes
470 3927 520 3965 nec
561 3915 572 3977 ΙΙ
614 3915 862 3964 metonomicos
896 3913 907 3976 41
943 3916 974 3960 46
992 3913 1066 3961 enim
1079 3913 1201 3970 ηοω.

123 3987 184 4037 dett.
218 3985 230 4050 ΙΙ
266 3988 298 4034 26
312 3984 396 4049 dupio
408 3987 487 4034 tenus
499 3983 557 4044 ML,
571 3983 724 4034 nullatenus
740 3983 889 4032 Vesontious
901 3986 963 4032 terte
977 3981 1081 4031 Cuiooro
1095 3982 1200 4030 Obseru.

126 4058 212 4116 24,45
251 4054 263 4116 ΙΙ
301 4057 333 4102 27
347 4051 569 4116 aoteitcodr'cer
580 4055 699 4102 inserunt
709 4052 841 4100 rubricam
852 4049 886 4099 do
899 4049 980 4100 modo
1022 4049 1033 4111 d
1073 4049 1203 4100 demodo

127 4123 161 4182 tit,
176 4122 209 4174 de
222 4124 306 4174 modo
318 4122 346 4173 id
359 4125 399 4172 θεῖ
411 4120 445 4171 de
457 4123 544 4185 spatio
555 4121 585 4179 t,
599 4121 633 4184 of.
647 4121 717 4180 adp.
733 4123 774 4178 68,
791 4123 800 4165 4

961 4201 1000 4254 μ
