2922 4898
283 341 343 406 Vip.
359 345 400 390 28.
417 343 447 389 22
676 368 761 386 ω.
805 339 845 402 36
889 369 974 386 ...-

283 547 360 607 nae,
392 530 466 592 item
496 528 607 590 liberis
631 526 852 609 parentibusue
879 530 1004 608 patroni
1035 537 1244 609 patronaaue:
1277 540 1362 592 sesto
1445 533 1446 598 1

284 617 353 676 uiro
368 617 478 676 uxori:
497 616 632 694 septimo
644 615 783 694 cognatis
794 615 1041 693 manumissoris,
1059 614 1176 694 quihus
1192 617 1361 697 perlegam

188 721 192 732 ·
283 702 408 763 Furiam
423 701 495 782 plus
511 701 596 762 mille
608 718 693 762 asses
709 717 821 779 capere
837 701 929 761 licet:
949 701 1020 762 etsi
1037 716 1129 761 nemo
1141 702 1192 780 sit,
1212 701 1253 762 ad
1270 721 1361 782 quem

283 786 436 848 bonorum
456 787 610 868 possessio
625 788 784 865 pertinere
802 787 914 866 possit,
939 795 994 848 aut
1009 787 1049 847 sit
1071 786 1216 866 quidam,
1242 789 1301 851 sed
1315 790 1361 849 ius

284 889 376 934 suum
398 874 555 950 omiserit,
581 873 696 952 populo
718 871 799 932 hona
820 870 1009 934 deierantur
1024 892 1065 933 ex
1084 874 1152 952 lege
1168 873 1247 934 Iulia
1267 873 1389 936 cada-t

247 960 265 1018 8
283 960 378 1019 caria.
408 959 528 1020 Liberis
544 957 698 1019 honorum
713 958 869 1037 possessio
885 956 979 1019 datur
994 967 1056 1019 tam
1072 959 1139 1037 his,
1158 961 1260 1038 quiin
1276 969 1361 1039 pote-

284 1053 362 1106 state
389 1045 545 1124 usquein
568 1045 676 1104 mortis
699 1054 824 1123 tempus
847 1041 993 1122 fuerunt,
1022 1063 1117 1124 quam
1140 1047 1356 1123 emancipatis:

247 1131 359 1192 9item
381 1129 554 1211 adoptiuis,
579 1149 642 1190 non
658 1139 764 1190 tamen
781 1129 875 1190 etiam
892 1131 924 1190 in
945 1129 1142 1210 adoptionem
1157 1129 1250 1192 datis.
1291 1129 1362 1192 Pro-
1445 1149 1446 1208 3

283 1217 357 1276 ximi
381 1217 502 1296 cognati
518 1213 673 1277 bonorum
688 1217 916 1295 possessionem
940 1216 1098 1296 accipiunt
1114 1235 1174 1277 non
1190 1217 1292 1278 solum
1307 1237 1362 1297 per
1445 1219 1446 1278 t

283 1301 427 1362 feminini
443 1319 538 1363 sextas
553 1319 717 1381 personam
734 1301 867 1381 cognati,
885 1300 943 1362 sed
959 1303 1053 1362 etiam
1069 1304 1173 1381 agnati
1189 1305 1290 1381 capite
1305 1302 1361 1364 de·
1379 1317 1405 1360 to
1444 1279 1446 1368 1

283 1386 413 1448 minuti:
439 1405 511 1448 nam
526 1387 600 1448 licet
615 1387 789 1466 legitimum
805 1387 855 1448 ius
870 1388 1046 1466 agnationis
1062 1389 1172 1468 capitis
1187 1389 1361 1450 minutione
1445 1395 1446 1464 1

282 1473 455 1551 amiserint,
476 1482 587 1534 natura
602 1481 707 1533 mmcn
723 1473 844 1551 cognati
860 1484 997 1534 manent.
1414 1533 1415 1537 ,
1445 1505 1446 1552 3

226 1559 263 1618 t0
367 1560 523 1620 Bonorum
545 1559 699 1638 possessio
715 1558 808 1619 datur
823 1557 1008 1638 parentibus
1031 1567 1061 1620 et
1076 1558 1185 1622 liberis
1209 1561 1293 1621 intra
1307 1579 1362 1620 an·
1445 1563 1446 1582 ³

283 1664 374 1723 num,
400 1664 440 1706 ex
462 1663 523 1724 quo
545 1655 651 1724 petere
673 1653 859 1723 potuerunt,
889 1645 1002 1705 ceteris
1025 1647 1106 1706 iutra
1129 1654 1258 1706 centum
1280 1645 1359 1708 dies.

227 1731 258 1788 tt
283 1731 343 1802 Qui
359 1749 468 1791 omnes
484 1731 565 1791 iutra
580 1729 614 1790 id
635 1739 761 1810 tempus
776 1731 803 1790 si
819 1748 880 1790 non
896 1731 1047 1809 petierint
1067 1729 1222 1793 honorum
1237 1751 1363 1812 posses·
1380 1745 1407 1790 ts
1445 1727 1446 1804 ᾖ

283 1817 419 1895 sionem,
446 1834 584 1896 sequens
608 1815 724 1896 gradus
743 1815 937 1894 admittitur,
963 1816 1096 1896 perinde
1111 1826 1207 1897 atque
1224 1819 1250 1878 si
1267 1837 1363 1896 supe·
1445 1815 1446 1872 ἶ

285 1904 384 1963 riores
399 1921 461 1963 non
478 1910 600 1963 essent:
620 1901 717 1981 idque
732 1921 791 1980 per
804 1911 925 1981 septem
942 1901 1057 1980 gradus
1074 1901 1118 1964 fit.
1445 1983 1446 1986 Ἴ

225 1988 264 2048 12
369 1989 418 2064 ili,
433 1987 550 2067 quibus
563 2007 602 2048 ex
610 1989 803 2048 successorio
814 1987 914 2048 edicto
927 1987 1079 2050 honorum
1088 1990 1243 2069 possessio
1255 1989 1360 2066 datur,

282 2073 416 2134 heredes
432 2073 561 2152 quidem
576 2092 640 2134 non
655 2083 740 2151 sunt,
759 2073 817 2135 sed
832 2073 961 2134 heredis
975 2075 1040 2134 loco
1056 2077 1291 2137 constituuntur
1306 2075 1364 2136 he-

283 2159 393 2220 neiicio
409 2160 574 2238 praetoris.
607 2158 742 2242 ideoque
758 2178 815 2220 seu
832 2160 892 2239 ipsi
906 2171 1001 2239 agant
1014 2178 1071 2220 seu
1086 2179 1157 2222 cum
1173 2162 1223 2222 his
1239 2171 1360 2240 agatur,
1382 2175 1409 2220 ao

283 2245 405 2306 ficticiis
418 2244 591 2306 actionibus
607 2264 685 2324 opus
701 2253 758 2324 est,
777 2246 809 2306 in
822 2244 941 2324 quibus
952 2245 1090 2307 heredes
1101 2265 1170 2308 esse
1186 2247 1362 2327 finguntur.

226 2329 263 2388 i3
367 2333 522 2391 Bonorum
544 2333 699 2410 possessio
714 2340 768 2392 aut
790 2350 859 2392 cum
877 2349 909 2391 rc
932 2331 1026 2394 datur
1045 2342 1099 2393 aut
1121 2333 1191 2393 sine
1214 2353 1265 2395 re:
1291 2352 1364 2396 cum
1445 2349 1446 2412 j

282 2433 333 2495 re,
360 2435 427 2477 cum
450 2417 476 2477 is
499 2418 553 2495 qui
575 2418 695 2496 accepit
717 2435 787 2478 cum
811 2418 925 2478 effectu
945 2416 1028 2479 hona
1050 2419 1200 2480 retineat:
1224 2421 1293 2480 siue
1316 2438 1363 2496 re,
1444 2458 1446 2513 ,

283 2521 353 2563 cum
378 2503 457 2563 alius
478 2503 547 2563 iure
570 2503 657 2565 ciuili
679 2504 828 2564 euincere
850 2503 1057 2565 hereditatem
1077 2506 1192 2583 possit:
1218 2506 1321 2568 ueluti
1337 2507 1365 2565 si
1445 2545 1446 2580 ,

282 2607 359 2650 suus
374 2588 465 2648 heres
482 2589 515 2649 in
529 2596 707 2650 testamento
716 2591 904 2668 praeteritus
919 2591 969 2668 sit,
988 2590 1055 2651 ticet
1069 2592 1191 2670 scriptis
1202 2591 1365 2652 heredibus
1384 2604 1413 2650 as
1444 2583 1446 2688 1

282 2673 446 2735 monadum
467 2673 586 2736 tabutas
608 2673 753 2735 bonorum
771 2677 921 2754 possessio
937 2674 1111 2755 deferatur,
1138 2678 1197 2737 erit
1211 2684 1311 2738 tornea
1327 2697 1365 2738 co
1445 2689 1446 2766 1

282 2759 436 2822 bonorum
465 2760 620 2840 possessio
645 2761 714 2822 sine
740 2780 792 2837 re,
826 2762 972 2840 quoniam
999 2780 1076 2823 suus
1098 2761 1193 2824 hares
1214 2763 1366 2824 euincere
1445 2773 1446 2840 1

282 2846 487 2908 hereditatem
503 2849 570 2908 iure
586 2847 724 2926 legitimo
740 2853 849 2926 potest.

580 3035 679 3115 [xxix.
702 3053 739 3095 nu
762 3053 846 3097 nouis
869 3034 1062 3114 cinnamum]

248 3154 258 3211 t
368 3155 453 3214 Ciuis
469 3155 597 3215 Romani
619 3153 726 3216 liberti
746 3153 951 3216 hereditatem
972 3155 1024 3216 lex
1046 3153 1214 3217 duodecim
1236 3153 1363 3218 tabula·
1381 3169 1408 3214 st

177 3236 181 3252 ¹
283 3257 353 3300 rum
368 3249 497 3319 patrono
513 3238 631 3318 defert,
654 3241 682 3301 si
698 3240 844 3301 intestato
859 3241 927 3302 siue
942 3260 998 3303 suo
1020 3239 1139 3302 herede
1155 3239 1289 3305 libertus
1304 3243 1364 3305 de-

282 3326 430 3386 cesserit:
460 3324 595 3405 ideoque
616 3326 684 3386 siue
705 3333 891 3388 testamento
914 3324 994 3388 facto
1018 3326 1164 3407 decedat,
1188 3328 1262 3389 licet
1283 3349 1362 3390 suus

281 3411 373 3472 heres
390 3411 418 3471 ei
442 3429 503 3471 non
527 3412 582 3488 sit,
606 3429 665 3472 seu
686 3411 846 3491 intestato,
873 3423 903 3474 et
919 3431 996 3474 suus
1012 3413 1105 3474 heres
1122 3415 1149 3474 ei
1172 3414 1228 3491 sit,
1248 3433 1364 3495 quam·
1445 3447 1446 3450 κ

281 3515 373 3578 quom
395 3514 457 3557 non
479 3496 647 3574 naturalis,
679 3496 737 3558 sed
758 3517 838 3558 uxor
859 3507 935 3579 puta
957 3500 1087 3578 quaein
1109 3519 1204 3562 manu
1226 3499 1285 3562 fuit
1308 3501 1362 3562 uel

280 3581 449 3662 adoptiuus
471 3581 571 3660 filius,
598 3583 651 3642 lex
671 3592 802 3662 patrono
823 3584 903 3645 nihil
924 3595 1070 3663 praestat.
1115 3584 1172 3646 sed
1194 3605 1233 3646 ex
1258 3585 1362 3648 edicto
1380 3596 1408 3642 ss

281 3669 452 3748 praetoris,
477 3687 534 3729 seu
549 3661 662 3729 t'estoto
677 3667 810 3730 libertus
832 3672 998 3749 moriatur,
1016 3681 1051 3732 ut
1066 3680 1120 3732 aut
1134 3672 1214 3733 nihil
1230 3683 1285 3734 aut
1300 3673 1362 3734 mi·
1445 3715 1446 3718 κ

281 3803 1362 3824 ΜΑΛΝΜΜΛΜΛΙΜΛΜΜΛΜΛΝΨΝΜΛΝΧΛΝΝΛΛΛΜΛΛΛΛΛΛΛΛΜΛΛΛΛΛΙᾺΛΝΨΧΓ

333 3876 362 3922 t
383 3871 477 3923 liberis
493 3871 686 3937 parentibusue
708 3873 837 3933 Goiocius,
857 3874 1035 3926 liberosueC
1062 3876 1073 3939 11
1104 3877 1325 3941 8adopticne0
1354 3876 1364 3942 11
1445 3873 1446 3896 ³

282 3945 296 3990 9
315 3944 486 4006 possessione
502 3941 521 3992 C
544 3943 555 4005 11
581 3945 610 3990 tt
631 3942 808 3993 diminutiaG
830 3943 841 4006 11
865 3947 897 3992 22
914 3948 961 3994 aut
973 3957 1036 3994 cum
1048 3959 1078 3995 re
1091 3945 1178 4009 datur]
1192 3949 1282 3996 autem
1296 3947 1363 3997 red-

280 4009 400 4062 daturG
433 4011 443 4074 11
476 4015 508 4060 23
529 4023 591 4060 cum
610 4012 692 4074 Hupo,
712 4013 800 4064 oruc
832 4013 843 4075 11
877 4017 910 4062 st
929 4015 955 4062 iu
975 4015 1133 4063 testamento
1227 4016 1363 4066 tteaod

281 4091 383 4128 seusun
400 4083 501 4141 scripsi,
522 4080 678 4130 intestatit]
712 4081 722 4144 11
759 4085 789 4130 28
808 4081 934 4145 possiti)
967 4083 978 4146 11
1013 4085 1228 4146 taquamquam
1254 4085 1360 4145 Vahlen,
1445 4119 1446 4146 ,

281 4160 362 4210 quam
378 4147 397 4196 C
420 4149 430 4210 11
455 4152 486 4197 36
505 4152 601 4200 testato
617 4149 746 4211 stractus,
761 4152 919 4200 testamento
934 4150 954 4200 C
