2926 4888
288 321 361 375 aaut.
378 323 410 386 v,
428 327 457 372 ιι
668 355 753 370 ..-
800 323 860 385 122
903 357 989 368 ....

286 512 360 574 fisco
375 510 589 574 uindicantur.
635 512 720 592 quod
736 513 763 574 si
778 513 865 574 serui
881 515 1045 593 ignorante
1068 510 1194 573 domino
1211 511 1246 572 id
1262 509 1379 572 fecisse

286 596 447 677 dicantur,
473 597 534 679 ipsi
550 597 679 678 quidem
698 617 819 660 summo
842 599 997 679 supplicio
1012 597 1220 676 adliciuntur,
1246 597 1379 658 domino

286 693 392 746 tamen
409 683 488 745 nihil
504 683 659 761 aufertur,
684 687 760 765 quia
780 685 920 764 peiorem
942 684 1061 746 domini
1081 697 1207 746 oausam
1222 684 1314 745 serui
1331 683 1378 744 fa·
1442 681 1444 758 l

230 771 267 832 43
287 787 370 848 cere,
389 770 451 831 nisi
467 769 547 831 forte
562 771 682 850 scierit,
702 772 828 832 omnino
844 789 906 832 non
927 779 1070 851 possunt.
1118 767 1184 831 *Ex
1199 769 1251 830 his
1267 769 1374 848 bonis,

286 855 384 937 *quae
407 854 448 917 ad
471 857 580 918 fiscum
602 856 706 919 delata
728 866 820 935 sunt,
846 857 1055 918 instrumenta
1075 856 1127 918 uel
1150 855 1373 936 chirographa,
1394 865 1406 909 ⁵

287 940 373 1004 *acta
387 942 481 1004 etiarn
496 941 537 1004 ad
553 943 602 1004 ius
616 943 813 1022 priuatorum
833 943 1026 1022 pertinentia
1041 941 1165 1003 restitui
1181 942 1377 1022 postulanti-

229 1030 266 1090 ll
286 1023 364 1090 *bus
385 1030 546 1090 conuenit.
591 1029 700 1108 Neque
722 1029 931 1090 instrumenta
953 1047 1059 1108 neque
1079 1037 1148 1088 acta
1170 1047 1189 1088 a
1210 1045 1376 1108 quoquam

229 1115 266 1174 45
284 1112 459 1176 *aduersus
470 1114 581 1176 fiscum
597 1113 650 1176 edi
664 1123 799 1195 oportet.
824 1115 894 1195 lpse
909 1124 1014 1177 autem
1030 1113 1124 1176 fiscus
1138 1123 1284 1175 actorum
1298 1133 1376 1175 suo·

285 1197 374 1261 *rum
391 1200 535 1280 exempla
556 1201 613 1260 hac
629 1200 812 1262 condicione
828 1198 912 1278 edit,
930 1208 967 1262 ut
983 1200 1027 1280 is,
1046 1200 1096 1262 cui
1112 1198 1323 1262 describendi
1340 1199 1375 1261 fit

285 1283 459 1365 *potestas,
484 1284 637 1348 aduersus
653 1305 687 1347 se
702 1288 755 1349 uel
772 1305 838 1348 rem
854 1285 1014 1367 publicam
1030 1286 1080 1347 his
1095 1286 1173 1348 actis
1187 1304 1227 1346 ne
1240 1294 1371 1348 utatur:
1392 1294 1417 1338 to

285 1369 343 1432 *de
361 1389 422 1450 quo
438 1391 551 1433 enuere
567 1373 776 1452 compellitur,
798 1381 844 1451 ut,
863 1373 890 1433 si
906 1391 983 1434 usus
999 1375 1026 1434 is
1041 1381 1147 1433 contra
1163 1371 1373 1434 interdictum

127 1461 131 1470 '
229 1461 267 1519 ta
286 1457 410 1536 *luerit
429 1475 522 1519 causa
539 1457 640 1519 cadat.
688 1459 838 1532 Quotiens
861 1457 947 1539 apud
962 1458 1072 1520 fiscum
1087 1459 1209 1538 agitur,
1228 1468 1372 1520 actorum

285 1543 441 1622 *potestas
457 1543 645 1624 postulanda
657 1553 714 1622 est,
734 1554 769 1606 ut
784 1546 896 1606 merito
911 1544 961 1606 his
976 1546 1023 1606 uti
1036 1544 1139 1621 liceat,
1158 1562 1262 1622 eaque
1275 1562 1372 1606 uranu

285 1628 594 1691 *commentariensis
614 1629 791 1692 adnotanda
808 1640 892 1692 sunt.
940 1629 1066 1710 quodsi
1090 1648 1126 1691 ea
1149 1629 1242 1690 aliter
1262 1628 1372 1710 profe-

229 1716 266 1778 tt
284 1714 429 1791 *rantur,
455 1717 481 1776 is
497 1717 553 1796 qui
574 1718 616 1777 ita
638 1717 805 1796 protulerit
825 1735 918 1778 causa
934 1716 1029 1777 cadit.
1076 1716 1228 1789 Quotiens
1252 1719 1370 1778 iterum
1389 1724 1417 1770 ta

284 1799 389 1881 *apud
404 1801 515 1864 fiscum
536 1800 646 1864 eadem
662 1821 756 1864 causa
770 1810 936 1878 tractatur,
955 1805 1096 1882 priorum
1112 1813 1269 1879 actorum,
1290 1821 1372 1882 quo-

283 1884 373 1948 *rum
390 1907 466 1950 usus
482 1907 546 1948 non
561 1889 665 1949 luerat
675 1889 862 1969 postulatus
881 1909 920 1949 ex
934 1887 1035 1950 officio
1052 1888 1193 1949 recitatio
1208 1888 1280 1949 iure
1295 1907 1372 1969 pos-

228 1973 265 2035 l8
283 1970 401 2035 ⁴'‘cetur.
448 1974 508 2046 Qui
524 1993 580 2054 pro
596 1975 655 2035 alio
671 1993 689 2035 a
704 1973 776 2035 fiseo
792 1985 966 2036 conuentus
981 1973 1125 2036 debitum
1140 1974 1288 2052 exsoluit,
1306 1992 1370 2034 non

285 2057 414 2139 *inique
429 2060 565 2139 postulat
580 2064 834 2140 persecutionem
850 2059 1003 2121 bonorum
1021 2063 1090 2122 eius
1105 2079 1162 2140 pro
1179 2078 1241 2140 quo
1257 2060 1365 2122 soluit:

228 2148 265 2207 49
283 2144 334 2205 *in
351 2163 413 2224 quo
430 2147 524 2207 etiam
540 2144 684 2209 adiuuari
699 2165 757 2226 per
772 2145 908 2208 officium
925 2147 1013 2208 solet.
1053 2145 1228 2208 Fiscalibus
1243 2144 1370 2207 debito·
1387 2153 1415 2198 2⁰

283 2229 392 2292 *ribus
405 2231 589 2311 petentibus
611 2231 649 2294 ad
666 2231 905 2311 comparandam
920 2233 1090 2313 pecuniam
1111 2230 1294 2294 dilationem
1310 2251 1369 2293 ne-

283 2315 368 2396 *gari
389 2336 453 2378 non
468 2316 597 2397 placuit.
645 2320 735 2380 cuius
756 2319 801 2379 rei
819 2319 992 2379 aestimatio
1016 2320 1058 2380 ita
1074 2317 1205 2379 arbitrio
1221 2316 1369 2380 iudican-

283 2400 342 2464 *tis
357 2403 559 2481 conceditur,
583 2414 619 2465 ut
635 2405 668 2464 in
683 2403 856 2465 maioribus
872 2405 1003 2466 summis
1018 2423 1081 2465 non
1102 2404 1175 2484 plus
1191 2421 1289 2483 quam
1303 2413 1369 2466 tres
1448 2435 1449 2482 ς

282 2486 436 2568 *menses
457 2490 488 2548 in
504 2489 679 2553 minoribus
693 2509 769 2552 uero
784 2509 846 2551 non
861 2490 933 2568 plus
948 2509 1043 2570 quam
1059 2489 1121 2552 duo
1136 2499 1364 2571 protegentur:

283 2573 479 2655 *prolixioris
500 2585 605 2637 autem
620 2578 771 2657 temporis
786 2578 923 2656 spatium
937 2576 978 2638 ab
1000 2577 1189 2657 imperatore
1204 2577 1369 2656 postulan-
1385 2585 1414 2631 2⁵

225 2664 263 2725 20
282 2660 378 2723 *dum
394 2671 452 2722 est.
500 2663 533 2723 Si
555 2663 740 2742 principalis
756 2664 803 2723 rei
825 2661 907 2723 bona
929 2662 970 2724 ad
984 2661 1094 2724 fiscum
1117 2661 1268 2725 deuolute
1290 2664 1364 2740 sint,

282 2745 503 2810 *fideiussores
523 2748 718 2811 liberantur:
749 2749 811 2810 nisi
834 2747 914 2810 forte
935 2749 1041 2810 minus
1064 2746 1169 2810 idonei
1193 2750 1259 2809 sint
1280 2758 1312 2810 et
1334 2751 1367 2808 in

225 2837 259 2896 at
282 2831 460 2914 *reliquum
475 2853 537 2895 non
554 2835 714 2896 exsolutae
730 2836 915 2914 quantitatis
930 2837 1131 2897 accesserint.
1162 2835 1195 2897 si
1210 2835 1284 2915 plus
1299 2853 1369 2896 ser-

282 2919 408 2982 *uatum
422 2931 470 2982 est
485 2939 525 2981 ex
540 2920 631 2982 bonis
643 2920 797 2982 debitoris
810 2939 829 2982 a
844 2919 918 2982 fisco
932 2920 1101 3000 distractio,
1121 2921 1190 2982 iure
1200 2939 1238 2981 ac
1253 2921 1367 2982 merito

224 3008 264 3071 22
281 3005 425 3068 *restitui
441 3008 628 3087 postulatur.
676 3005 855 3068 Conductor
875 3025 916 3067 ex
932 3005 1029 3068 fundo
1046 3006 1144 3094 fiscali
1164 3006 1247 3068 nihil
1260 3017 1367 3070 trans·
1383 3016 1411 3062 et

281 3091 384 3153 *ferre
400 3101 504 3172 potest
524 3111 582 3154 neo
605 3094 746 3173 cupressi
767 3093 930 3154 materiam
946 3091 1089 3154 uendere
1110 3093 1163 3155 uel
1182 3093 1288 3156 oliuae
1303 3111 1365 3154 non

280 3176 479 3240 *substitutis
499 3179 570 3240 aliis
592 3188 776 3258 ceterasque
798 3178 929 3241 arbores
955 3177 1127 3259 pomiferas
1148 3176 1302 3241 caedere:
1334 3188 1366 3240 et

224 3267 262 3328 23
280 3262 379 3326 *iacta
395 3265 464 3325 eius
479 3264 525 3326 rei
546 3267 762 3327 aestimatione
779 3264 812 3325 in
833 3264 1046 3345 quadruplum
1062 3265 1261 3327 conuenitur.
1308 3265 1366 3326 lli-

281 3346 432 3411 *noribus
452 3350 568 3430 uiginti
590 3352 731 3431 quinque
753 3353 846 3414 annis
867 3370 973 3431 neque
995 3350 1113 3412 fundus
1135 3369 1242 3431 neque
1265 3351 1367 3414 uecti-

265 3435 381 3516 ,*galia
393 3433 523 3497 locanda
534 3446 619 3515 sunt,
638 3455 678 3499 ne
694 3435 850 3499 aduersus
863 3455 899 3500 ea
911 3436 1065 3498 beneficio
1077 3437 1191 3499 aetatis
1202 3436 1365 3500 utantur*
1381 3446 1410 3493 tt
1428 3489 1430 3497 ,

283 3605 1313 3621 ὐυνΧΛΑΝΝΛΜΛΜΛΜΛΛΙνᾺΛΜΙνἉΜΙνᾺΙᾺΛΜΛΜΝΜᾺΝΜΝᾺΝἏΝἯ
1320 3608 1361 3623 M!

351 3696 393 3754 ta,
408 3697 506 3743 ιι-ιι
522 3713 554 3736 =
568 3693 628 3758 ιιιρ.
643 3697 685 3754 ιι,
702 3696 742 3755 ιι,
758 3696 799 3756 ιι,
816 3695 896 3743 ι-ιι

631 3829 818 3844 wmmwvvmm
825 3829 1361 3847 ΜΛΝνυιΛΛΛΙνὴΛΛΝνᾺΛΛΛΛΛΛΛΛΜΛΝᾺΝ

351 3940 380 3983 tt
400 3949 434 3985 ne
447 3936 598 3995 Mommsen,
612 3947 661 3985 om.
677 3935 699 3985 F
733 3933 745 3997 l
785 3938 817 3984 tt
836 3936 927 3986 minus
940 3934 1031 3985 idonei
1044 3936 1099 3984 sint
1109 3933 1145 3998 et]
1159 3937 1253 3987 minus
1265 3935 1362 3987 idoneo

260 4004 422 4054 ,Mommsen
450 4005 461 4068 11
491 4009 522 4054 33
541 4001 752 4065 etcertum
