2926 4888
496 377 581 390 ..-
626 347 666 406 75
709 377 796 390 ....
959 344 1032 395 4004.
1048 345 1082 407 44,
1097 348 1139 395 40.
1153 347 1188 394 40

61 533 79 592 4
102 533 198 594 etiam
215 531 267 594 die
291 530 403 594 feriato
425 531 493 594 fieri
516 541 629 613 potest.
668 530 762 612 Apud
784 531 987 612 magistratus
1010 531 1187 614 municipa-

101 618 168 694 400,
193 618 220 679 04
236 615 375 680 habeant
389 618 468 698 legis
482 620 653 698 actionem,
679 618 870 698 emancipari
887 627 918 680 et
934 619 1113 680 manumitti
1129 637 1188 700 po-

59 705 79 763 5
102 713 175 766 test.
215 704 313 766 Filius
328 703 463 766 familias
479 704 599 767 inuitus
615 704 808 786 emancipari
820 723 882 765 nou
898 704 1030 784 cogitur.

466 875 543 958 44444
585 894 623 937 un
645 874 824 956 4004444404

61 996 74 1054 4
188 995 317 1074 *Capite
330 993 470 1058 seeundo
486 995 565 1076 legis
576 996 674 1057 iuliae
690 993 731 1056 de
744 993 909 1057 adulteriis
920 981 1117 1074 permittitur
1128 1014 1186 1075 pe·
1204 1008 1220 1056 0

101 1080 246 1142 *tritam
268 1079 415 1160 adoptiuo
431 1099 525 1162 quam
549 1080 686 1144 naturali
709 1079 889 1143 adulterum
906 1099 977 1142 eum
993 1080 1055 1143 iilia
1079 1081 1187 1142 euius-

100 1167 257 1246 *oumque
271 1164 434 1246 dignitatis
447 1166 529 1229 domi
543 1185 618 1229 suae
630 1166 682 1229 uei
695 1166 804 1248 generi
816 1166 866 1228 sui
877 1163 1113 1246 deprehensum
1129 1185 1187 1230 sue

59 1254 218 1316 2*manu
240 1252 396 1315 oooidere.
436 1253 532 1315 Filius
554 1251 687 1315 familias
709 1262 800 1332 pater
815 1254 842 1314 si
864 1252 960 1314 filiam
977 1252 1009 1314 in
1030 1251 1186 1316 adulterio

100 1336 383 1418 *deprehenderit
400 1339 509 1400 uerbis
525 1338 654 1420 quidem
670 1339 747 1418 legis
762 1357 860 1419 prope
877 1347 941 1416 est,
958 1347 1072 1400 utnon
1087 1339 1187 1420 possit

59 1426 79 1485 3
94 1421 284 1486 ¹⁴⁸*oeciderez
302 1425 442 1503 permitti
454 1434 560 1487 tamen
577 1425 606 1485 ei
619 1423 726 1503 debet,
744 1433 780 1486 ut
795 1422 926 1485 oeeidat.
953 1424 1063 1504 Capite
1075 1426 1185 1504 quinto
1205 1437 1237 1484 40

87 1507 200 1590 *legis
211 1509 310 1571 Iuliae
321 1521 462 1590 cauetur,
480 1521 516 1573 ut
528 1509 707 1574 adulterum
720 1509 955 1590 deprehensum
968 1511 1081 1591 uiginti
1093 1509 1187 1572 horas

60 1599 77 1656 4
99 1593 298 1658 *attestando
312 1597 435 1658 uicinos
458 1597 598 1658 retinere
614 1596 718 1658 iioeat.
758 1595 886 1658 Maritus
902 1596 934 1656 in
956 1595 1112 1658 adulterio
1128 1595 1188 1657 de-

99 1681 296 1762 *prehensos
310 1701 373 1744 uon
389 1681 465 1744 aiios
481 1700 576 1763 quam
591 1679 724 1744 infames
737 1691 768 1743 et
784 1682 908 1762 eosqui
924 1701 1054 1762 corpore
1070 1701 1187 1763 quaes·

99 1769 188 1830 *tum
207 1765 342 1846 iaciunt,
360 1787 468 1830 seruos
487 1769 596 1844 etiam,
616 1777 747 1848 excepta
761 1786 860 1830 uxore
877 1786 972 1848 quam
984 1767 1181 1848 prohibetur,

59 1855 79 1913 5
99 1852 264 1915 *occidere
289 1863 401 1934 potest.
447 1855 600 1932 Maritum,
630 1856 686 1934 qui
707 1872 838 1916 uxorem
861 1852 1091 1933 deprehensam
1113 1873 1184 1916 eum
1206 1867 1238 1912 40

99 1937 267 2001 *adultero
289 1938 414 2018 oceidit,
438 1940 585 2020 quiahoc
607 1939 804 2020 impatientia
822 1939 898 2001 iusti
914 1937 1030 2001 doloris
1045 1938 1183 2017 admisit,

60 2028 79 2086 6
99 2025 225 2086 *lenius
242 2026 350 2106 puniri
365 2025 495 2106 placuit.
534 2025 643 2086 Oooiso
659 2024 803 2087 adultero
819 2024 979 2087 dimittere
996 2026 1102 2087 statim
1118 2044 1186 2087 ma-

99 2112 202 2172 *ritus
217 2109 314 2172 dehet
328 2130 459 2173 uxorem
475 2121 569 2192 atque
586 2112 627 2173 ita
649 2110 754 2173 triduo
770 2113 913 2192 proximo
928 2110 1086 2192 profiteri,
1114 2131 1184 2174 eum

60 2197 184 2277 7*quo
206 2195 352 2259 adultero
375 2206 407 2259 et
431 2199 462 2258 iu
487 2216 549 2277 quo
565 2197 631 2259 loeo
652 2216 784 2259 uxorem
806 2195 1090 2278 deprehenderit*
1133 2197 1186 2266 In-

98 2292 199 2344 uenta
223 2283 256 2344 in
273 2282 425 2345 adulterio
440 2301 540 2345 uxore
557 2285 688 2345 maritus
704 2285 746 2344 ita
762 2282 889 2347 demum
906 2281 1086 2346 adulterum
1102 2284 1186 2345 0004-
1205 2295 1237 2340 40

99 2456 125 2467 mi
149 2455 153 2460 ·
160 2452 299 2466 ι’»ΛΛΛ-ιΛΛΝ
307 2453 1047 2471 ΛῙαιῑννγννννννυνννννννυκκνυνννννννυνιωνυννννννυν0
1057 2454 1184 2467 ιΛΛΛΛΛΛΛι

172 2543 215 2600 40,
231 2543 297 2588 4-6
309 2542 444 2590 restitutae
456 2544 517 2590 0044
529 2553 563 2589 ese
579 2540 713 2591 Vesontioo
731 2539 841 2603 10040044
856 2541 961 2592 obtem.
978 2544 1020 2602 44,
1037 2542 1075 2601 484
1095 2546 1120 2591 04
1136 2541 1186 2590 Vo-

100 2613 255 2672 4400404041.
272 2612 348 2668 toto,
367 2611 395 2658 44
407 2622 456 2670 ooo
467 2609 589 2672 40444404
597 2614 657 2670 post
669 2607 681 2673 4
696 2612 725 2658 47
737 2612 884 2670 praemisso
896 2612 1034 2672 4440444040
1046 2613 1188 2660 4044444400

98 2691 165 2797 m
176 2679 385 2796 pupeirppetptio:
407 2681 449 2738 44,
465 2682 488 2727 t.
503 2681 529 2728 4.
545 2680 610 2726 t-e
625 2697 656 2720 ==
673 2677 779 2728 00440440
791 2681 816 2738 4,
833 2682 862 2728 44
904 2679 915 2742 14
954 2681 996 2738 40,
1011 2681 1034 2728 t.
1050 2681 1064 2728 8
1079 2698 1110 2721 -·--
1128 2678 1187 2780 Cot:

195 2783 201 2806 4
253 2785 259 2808 4
293 2785 299 2798 ·
1101 2783 1104 2790 “

99 2882 236 2896 0.),ἰιυνννυ
243 2884 252 2895 υ
260 2887 268 2894 u
275 2871 1186 2896 tad·uvvvmmvxwvvvwvvwmuwlummvvvvuwvwkuwwvwffimst

174 2988 187 3034 4
206 2998 332 3036 44440444
350 2986 418 3036 tituli
435 2985 559 3036 XXXVll
577 2987 647 3048 opud
668 2985 801 3036 4344004444
815 2986 921 3037 obsera.
937 2988 979 3046 44,
995 2990 1025 3034 44
1039 2999 1128 3035 044040
1137 2999 1189 3047 pro
1231 3047 1235 3056 ι

100 3055 202 3104 XXVii
219 3055 803 3116 10040440400044400444404000400404,47,
817 3055 841 3116 41
856 3057 1018 3116 sareptenae
1058 3055 1069 3118 4
1112 3058 1189 3105 500·

102 3123 228 3173 eundum
241 3123 327 3186 legem
344 3123 423 3174 Vetto.
442 3122 469 3186 *ii
505 3125 704 3188 touieumque
720 3124 812 3182 Vetto„
827 3124 959 3186 cuiusque
975 3122 1038 3174 Coti.
1069 3123 1080 3188 11
1110 3124 1186 3174 'isui

104 3192 180 3252 Coit,
195 3205 245 3242 om.
259 3193 356 3242 Vesont.
370 3192 449 3243 Vetto.
476 3191 487 3255 44
511 3205 560 3242 000
573 3189 655 3242 manu
670 3191 744 3254 Coit,
759 3205 808 3241 040.
822 3192 921 3242 400044.
935 3192 1012 3242 Vetto.
1039 3191 1051 3256 44
1075 3192 1185 3256 44444004

102 3260 158 3310 filia
174 3261 253 3312 Vetto.
279 3261 290 3324 14
314 3261 375 3310 0444
388 3260 521 3311 adulterio
534 3260 588 3311 filia
603 3261 680 3311 Vetto.
712 3259 723 3324 44
753 3265 767 3309 0
781 3259 875 3311 uerbis
889 3296 895 3309 .
911 3296 917 3309 .
934 3297 941 3309 .
957 3263 998 3310 004
1009 3274 1059 3312 om.
1079 3262 1158 3312 Votie.
1177 3260 1187 3326 44

100 3329 210 3392 utnon]
225 3329 268 3379 uel
285 3329 364 3380 Vetto.
402 3329 413 3392 44
453 3331 483 3378 44
502 3329 652 3394 permittit.
667 3329 692 3378 ei
704 3329 785 3380 dehet
800 3330 898 3380 ierom.
918 3330 1008 3389 40440,
1022 3332 1189 3395 permittitur

101 3403 192 3449 tamen
206 3399 325 3448 etiamei
341 3398 403 3448 Coit.
434 3397 446 3462 44
478 3399 567 3463 eapite
583 3398 662 3448 Vetto.
677 3402 702 3448 04
717 3399 816 3448 404044.
831 3400 971 3448 seeundum
986 3398 1084 3450 0440044
1096 3401 1188 3450 044440-

101 3480 162 3518 nem
180 3471 263 3528 4480,
282 3479 433 3530 rursusque
451 3468 540 3531 eapite
556 3467 654 3518 Veront.
669 3469 810 3517 seeundum
824 3466 923 3518 0040044
937 3467 1042 3518 044040.
1059 3471 1101 3528 44,
1118 3467 1148 3518 48
1177 3464 1189 3535 14

104 3541 131 3586 44
155 3535 236 3586 440400
253 3535 344 3594 Vetto,
361 3535 436 3586 horis
452 3535 551 3586 Vesoot.
582 3535 594 3599 14
624 3539 654 3586 44
673 3535 847 3586 adtestandos
863 3535 942 3587 Vetto.
968 3536 979 3599 44
1002 3537 1187 3602 deprehensus

106 3605 186 3656 Vatia.
205 3604 292 3656 Coitw
308 3603 388 3654 cotti
422 3602 433 3665 44
468 3607 499 3653 44
518 3617 589 3669 quae
604 3602 713 3654 4444044440
730 3604 808 3655 444440.
852 3604 863 3668 14
905 3607 934 3653 44
955 3610 1051 3656 004000
1067 3606 1146 3656 Votie.
1177 3602 1189 3672 44

101 3675 184 3723 044004
202 3673 312 3733 400044,
327 3674 391 3722 item
408 3672 497 3733 Vetto,
512 3672 745 3724 etiametliheros
761 3673 822 3724 Coti.
862 3673 874 3736 4
911 3687 993 3737 quam
1005 3687 1031 3740 p.
1048 3687 1072 3724 o.
1086 3675 1184 3740 potest]
1233 3711 1235 3728 i

101 3755 158 3792 non
175 3740 331 3806 prohibitur
347 3741 474 3791 occidere
495 3742 574 3793 Vetto.
605 3741 617 3804 14
651 3745 681 3791 40
701 3743 815 3792 40044400
836 3742 915 3792 Vetto.
938 3743 1013 3803 Coit,
1032 3745 1063 3793 40
1085 3744 1184 3795 400044.

101 3824 153 3861 non
164 3815 266 3861 0040404
294 3811 305 3874 41
334 3809 503 3874 deprehensa
520 3810 599 3861 Vetto.
637 3810 648 3873 41
683 3813 714 3858 40
732 3810 867 3861 adulterio
885 3811 963 3860 Votie.
1001 3811 1012 3874 11
1049 3815 1078 3861 44
1099 3811 1188 3862 400400

106 3879 328 3939 toreuticen,
354 3878 541 3930 leuiusVotio.
586 3878 597 3942 44
637 3881 753 3930 maritus
771 3879 861 3930 stetim
881 3879 1017 3930 dimittere
1039 3881 1135 3940 Vetto,
1156 3881 1189 3931 440

107 3949 206 4000 400044.
220 3962 273 3998 404
284 3952 383 3998 constet
417 3947 428 4010 44
465 3951 495 3996 te
516 3949 625 3998 inuenta
643 3949 671 3997 in
683 3947 729 3999 ed.
744 3961 829 3998 uxore
850 3947 998 4010 (inuentam
1013 3949 1057 4001 ed.
1072 3961 1186 3998 0404040

105 4017 192 4080 cortu
204 4019 321 4068 maritus
334 4015 414 4078 (-tum
428 4015 522 4078 004444
538 4017 573 4066 ita
583 4015 693 4067 demum
703 4016 857 4067 adulterum
866 4017 979 4066 maritus
994 4018 1076 4081 4-40444
1089 4017 1184 4082 Cottii)

102 4086 228 4137 occidere
240 4086 366 4151 potestsi
379 4097 441 4136 eum
461 4083 535 4146 Coit,
556 4085 694 4136 inuentam
712 4086 741 4134 in
759 4085 803 4135 ed.
823 4098 937 4135 04040444
958 4086 1010 4147 1·40
1022 4087 1051 4152 44
1073 4087 1187 4138 40044400

102 4157 137 4206 440
149 4156 263 4206 demum
277 4153 404 4204 occidere
415 4155 514 4219 potest,
528 4155 552 4204 04
566 4153 722 4204 adulterum
740 4154 876 4219 Wirtaothi
