2926 4888
280 347 513 409 nauum-u
674 381 759 396 ..-
802 347 843 410 94
887 379 974 394 ...-

279 536 364 596 natio
379 537 490 597 mortis
505 555 599 599 causa
620 546 763 598 cessante
785 535 968 599 ualetudine
992 546 1024 598 et
1043 545 1199 618 sequente
1219 539 1370 616 sanitate,

280 623 475 769 papnitentia
501 623 595 684 etiam
619 631 801 684 reuocetur:
829 632 929 684 morte
952 625 1037 684 enim
1052 622 1277 718 tantummodov
1291 643 1374 685 eon-
1456 625 1458 688 i

280 725 321 770 ua
335 717 423 770 escit.
497 755 499 762 ,

597 895 659 977 [rur
703 916 741 958 sn
764 915 858 958 arcun
881 895 1046 977 rsncmrrn]
1456 921 1458 988 p

242 1015 255 1073 t
366 1017 525 1079 Exhausta
539 1017 650 1097 legatis
665 1028 720 1078 aut
740 1016 991 1080 fideicommissis
1006 1016 1058 1079 uel
1074 1017 1184 1078 mortis
1199 1035 1295 1080 causa
1312 1015 1405 1080 do-c

280 1101 462 1166 nationibus
477 1102 654 1166 hereditate
675 1103 792 1165 auxilio
808 1101 961 1166 Falcidiae
984 1102 1148 1165 institutus
1170 1103 1267 1166 heres
1287 1121 1372 1184 qua·
1457 1109 1458 1118 ’

240 1187 261 1246 2
280 1187 424 1250 drentem
440 1190 578 1252 retinere
595 1198 709 1270 potest.
741 1189 894 1263 Quotiens
910 1189 950 1252 de
966 1186 1057 1250 modo
1073 1197 1204 1268 quartae
1222 1189 1373 1250 retinen-

281 1272 339 1335 dae
355 1275 538 1353 quacritur,
557 1284 686 1356 propter
707 1273 884 1356 periculum
900 1274 973 1356 plus
988 1273 1119 1355 petendi
1135 1273 1238 1335 officio
1254 1273 1373 1338 iudicis

280 1357 428 1422 omuibus
442 1361 615 1422 aestimatis
637 1370 750 1440 quarta
765 1359 907 1428 iacienda
923 1369 986 1438 est,
1014 1379 1097 1441 quae
1112 1359 1197 1440 apud
1214 1360 1371 1423 heredem
1456 1381 1458 1444 r

281 1455 453 1524 remaneat,
472 1455 527 1508 aut
542 1456 627 1509 certe
641 1445 796 1528 exigenda
812 1447 914 1509 cautio
929 1467 947 1510 a
962 1447 1122 1528 legatario,
1140 1455 1176 1508 ut
1191 1446 1279 1527 quod
1295 1448 1371 1528 plus
1391 1460 1419 1504 to

242 1531 260 1589 3
279 1529 433 1594 dodrante
449 1533 628 1614 perceperit
649 1533 805 1595 restituat.
852 1531 912 1611 Ea,
930 1551 1009 1612 quac
1024 1542 1124 1594 mater
1139 1532 1215 1594 uiua
1231 1532 1295 1594 filio
1311 1533 1373 1595 do-
1457 1589 1458 1622 p

226 1616 262 1676 3⁸
280 1619 384 1697 nauit‚
403 1618 436 1680 in
452 1627 597 1699 quartam
613 1637 675 1680 non
691 1620 898 1700 imputantur.
945 1615 1055 1680 *Aeris
1070 1618 1165 1680 alieni
1180 1617 1247 1680 ioco
1264 1618 1373 1682 dedu·
1457 1629 1458 1696 t

279 1701 416 1768 *cuntur
431 1724 493 1766 uon
516 1706 616 1768 solum
631 1705 735 1786 pretia
751 1724 857 1766 eorum
875 1703 993 1786 quibus
1014 1703 1146 1766 libertas
1168 1703 1243 1766 data
1265 1715 1314 1768 est
1339 1717 1371 1768 et
1457 1709 1458 1744 ³

279 1788 407 1852 *eorum
423 1791 478 1872 qui
494 1789 648 1872 supplicio
670 1800 745 1853 sunt
766 1789 897 1870 adiecti,
923 1790 981 1852 sed
997 1801 1028 1853 et
1043 1791 1112 1852 eius
1129 1808 1224 1870 quem
1241 1802 1372 1872 praetor
1457 1831 1458 1840 κ

279 1874 425 1957 *propter
447 1876 600 1940 indicium
620 1877 764 1957 proditae
788 1878 899 1939 mortis·
918 1877 971 1938 uel
992 1874 1134 1939 detectae
1158 1894 1268 1938 eorum
1293 1897 1372 1940 con-
1391 1890 1419 1933 ⁴5

242 1962 260 2020 i
278 1960 461 2024 *iurationis
477 1962 623 2024 libertate
638 1961 800 2025 donauit*
829 1961 877 2024 Ex
892 1982 978 2025 mora
993 1961 1259 2043 praestandorum
1276 1963 1372 2026 fidei-

280 2049 516 2110 commissorum
541 2049 594 2112 uel
609 2047 783 2130 legatorum
800 2048 922 2110 fructus
944 2059 975 2110 et
990 2067 1106 2110 usurae
1122 2048 1190 2129 peti
1212 2060 1367 2130 possunt:
1457 2081 1458 2086 κ

281 2151 366 2195 mora
382 2145 488 2196 autem
505 2135 575 2198 ficri
590 2135 728 2214 uidetur,
748 2154 819 2198 cum
836 2134 1006 2215 postulanti
1022 2153 1083 2197 non
1099 2131 1203 2196 datur.

796 2322 846 2404 [¹¹]

178 2499 187 2513 ,,
206 2487 229 2516 ἢ,
365 2439 417 2502 *Si
440 2441 545 2504 nullae
568 2443 631 2504 sint
653 2459 704 2504 res
726 2442 955 2520 hereditariae,
989 2444 1021 2503 in
1044 2461 1124 2523 quas
1147 2443 1292 2522 legatarii
1315 2445 1367 2506 uel
1388 2456 1417 2501 so
1456 2441 1457 2452 ’

216 2519 219 2526 ’
278 2524 577 2590 *fideicommissarii
593 2529 769 2608 mittantur,
788 2530 821 2590 in
837 2548 905 2590 rem
917 2527 1046 2608 quidem
1061 2527 1189 2590 heredis
1204 2529 1289 2591 mitti
1304 2549 1369 2592 non

278 2611 445 2692 *possunt‚
467 2614 528 2684 sed
541 2633 601 2696 per
622 2623 802 2696 praetorem
823 2614 995 2696 denegatas
1016 2613 1127 2676 heredi
1149 2616 1291 2678 actiones
1305 2617 1369 2697 ipsi

278 2698 564 2781 *persequantur*

801 2887 840 2970 [Χ]

366 3008 420 3071 *ln
441 3009 533 3072 bonis
547 3010 698 3072 curatoris
713 3008 917 3090 priuilegium
933 3006 1044 3070 furiosi
1058 3006 1238 3070 furiosaeue
1254 3029 1369 3074 serua-
1386 3021 1417 3068 ss

277 3093 366 3157 *turz
384 3096 535 3176 prodigus
549 3105 581 3160 et
596 3114 705 3158 omnes
719 3095 857 3172 omnino,
876 3095 999 3156 etiamsi
1015 3095 1047 3154 in
1063 3093 1164 3156 edicto
1180 3113 1244 3156 non
1260 3095 1295 3158 fit
1311 3116 1368 3159 eo-

277 3180 369 3298 :rum
385 3184 518 3300 mentio,
544 3181 686 3243 inbonis
708 3181 862 3242 curatoris
884 3179 1011 3242 decreto
1033 3180 1236 3260 priuilegium
1254 3201 1368 3244 conse-

297 3276 448 3346 quuntur.

279 3454 330 3468 VVW*

349 3543 374 3599 8,
388 3539 534 3603 3⁸=th.
550 3543 592 3599 35,
607 3543 632 3601 s,
647 3543 678 3590 39
709 3541 720 3604 ΙΙ
754 3542 1022 3605 t=Dt9.to,t,to
1053 3541 1064 3604 ΙΙ
1099 3540 1362 3604 40=Dt9.27,to,

280 3612 321 3672 45,
338 3613 365 3659 t:
387 3610 445 3658 tote
462 3614 549 3660 cotem
566 3610 620 3660 loco
638 3610 700 3660 hoec
717 3612 844 3662 sententie
855 3612 912 3660 ideo
923 3613 1044 3661 restituta
1056 3614 1108 3669 cst,
1129 3611 1191 3672 outo
1202 3623 1298 3660 ueram
1309 3614 1365 3662 aus

276 3680 364 3729 sedem
374 3679 445 3728 intre
457 3679 524 3728 tunc
536 3678 630 3728 librom
641 3681 793 3742 taceremus

348 3937 510 4000 tsequente
523 3936 559 3995 Μ,
580 3937 672 3986 secuta
685 3937 757 3995 dett,
777 3936 892 4000 deficttl.
933 3936 944 4000 ΙΙ
986 3937 1131 3999 iquartae
1144 3935 1174 3994 t,
1197 3938 1283 4000 partis
1296 3938 1326 3987 Μ
1353 3936 1364 4004 ΙΙ

277 4007 292 4052 8
313 4004 412 4056 iudicis
424 4005 454 4064 t,
468 4005 615 4056 iudicantis
628 4006 658 4055 Μ
