2926 4888
479 363 566 375 --
611 329 671 392 123
714 363 801 374 --
943 328 1181 387 cautum-ea

451 519 515 598 [tun
558 537 595 580 nn
618 517 826 598 nntironrnrs]

50 642 64 699 4
183 639 303 700 Omnes
322 638 449 700 omnino
464 637 591 700 delerre
606 640 740 700 alterum
762 647 794 699 et
816 656 942 699 oausam
964 638 1181 717 pecuniariam

92 725 172 786 fisco
187 727 337 786 nuntiare
353 723 581 804 prohibentur:
607 743 667 786 nec
683 723 790 801 refert,
809 742 913 785 mares
928 723 1014 786 istud
1030 742 1070 785 an
1088 722 1181 784 lemi-

91 831 157 874 nao
174 812 308 889 iaciant,
333 811 419 872 serui
435 829 474 872 an
492 811 622 890 ingenui
639 830 678 872 an
695 809 854 887 libertini,
874 828 913 870 an
930 828 1003 870 suos
1018 828 1057 870 an
1074 817 1181 871 extra-

49 897 70 961 2
92 915 175 958 neos
190 895 353 958 delerant:
379 897 464 957 omni
481 898 565 958 enim
588 895 679 958 modo
695 898 881 977 puniuntur.
931 896 1024 956 Serui
1044 895 1177 974 fiscales,
1199 905 1214 952 4

93 985 153 1063 qui
170 1001 296 1045 causam
318 982 443 1044 domino
460 981 592 1062 prodere
608 1002 644 1043 ac
659 983 806 1044 nuntiare
823 981 1033 1058 contendunt,
1052 979 1180 1042 deferre

92 1087 160 1130 non
181 1068 343 1130 uidentur.
391 1067 555 1131 subornati
576 1087 652 1132 sane
676 1087 766 1130 reum
785 1066 920 1148 prodere
945 1075 1114 1148 coguntur,
1139 1085 1179 1127 ne

93 1155 153 1236 qui
178 1154 262 1234 quod
276 1173 336 1234 per
350 1172 384 1215 se
404 1173 468 1216 non
483 1163 587 1235 potest
602 1155 771 1234 paralium
793 1153 926 1215 deierat.
973 1151 1106 1233 perinde
1122 1171 1181 1216 au-

48 1242 69 1301 3
92 1251 163 1302 tem
186 1239 410 1303 subornatores
433 1261 469 1304 ac
491 1240 647 1303 delatores
669 1243 857 1322 puniuntur.
910 1239 1055 1301 Damnati
1078 1240 1176 1317 serui,

93 1327 168 1389 siue
188 1337 259 1406 post
279 1327 469 1388 sententiam
491 1327 560 1388 siue
583 1336 656 1388 ante
672 1327 860 1388 sententiam
883 1323 1081 1386 dominorum
1104 1323 1181 1386 laci·
1200 1338 1232 1382 to

94 1431 176 1474 nora
191 1412 323 1473 confessi
339 1414 420 1489 sint,
444 1412 531 1473 nullo
547 1411 638 1473 modo
654 1411 845 1488 audiuntur,
863 1411 925 1472 nisi
941 1409 1021 1472 forte
1037 1429 1108 1472 reos
1123 1409 1181 1472 de-

93 1498 201 1561 ferant
215 1499 399 1560 maiestatis

359 1669 418 1751 [riv
461 1687 498 1730 nn
521 1687 748 1742 ovansrtonmrs
770 1669 922 1746 nlonnnts]

54 1791 66 1849 4
185 1790 220 1848 ln
236 1788 422 1851 criminibus
437 1781 589 1851 eruendis
605 1789 748 1869 quaestio
764 1787 893 1868 quidem
910 1787 1096 1850 adhibetur:
1124 1786 1181 1850 sed

94 1894 162 1936 non
179 1877 283 1937 statim
299 1893 316 1936 a
331 1876 497 1936 tormentis
519 1873 735 1956 incipiendum
752 1882 810 1953 est,
830 1872 964 1953 ideoque
980 1874 1070 1954 prius
1086 1892 1181 1954 argu·
1201 1886 1232 1932 ts

94 1962 217 2022 mentis
231 1960 467 2041 quaerendum,
493 1963 566 2024 etsi
583 1961 763 2042 suspicione
780 1961 886 2040 aliqua
901 1979 974 2021 reus
992 1969 1177 2040 urguemur,

94 2045 251 2110 adhibitis
264 2049 430 2108 tormentis
453 2045 492 2108 de
509 2048 601 2109 sociis
616 2057 646 2110 et
661 2045 836 2128 sceleribus
858 2047 924 2107 suis
939 2045 1080 2107 confiteri
1095 2065 1181 2108 com-

52 2133 240 2214 apellitur.
285 2134 385 2196 Vnius
407 2132 555 2195 facinoris
577 2133 707 2214 plurimi
723 2133 771 2194 rei
794 2132 837 2194 ita
858 2130 1011 2194 audiendi
1026 2140 1118 2211 sunt,
1144 2140 1180 2193 ut

94 2217 139 2280 ab
155 2237 191 2280 eo
206 2219 344 2300 primum
361 2221 548 2300 incipiatur,
568 2220 623 2300 qui
638 2217 778 2280 timidior
792 2228 824 2280 44
839 2227 969 2280 tenerae
984 2220 1095 2280 aetatis
1110 2237 1179 2280 esse

52 2306 72 2366 3
93 2303 259 2367 uideatur.
298 2305 400 2367 *Reus
416 2304 666 2368 euidentioribus
681 2305 876 2384 argumentis
892 2323 1062 2385 oppressus
1078 2305 1180 2385 repeti
1200 2319 1232 2363 ao

93 2390 149 2452 *in
166 2392 381 2471 quaestionem
398 2400 515 2472 potest,
540 2393 675 2454 maxime
692 2392 719 2452 si
735 2393 767 2452 in
783 2400 940 2453 tormenta
955 2391 1095 2452 animum
1111 2409 1181 2451 cor-

4 2487 8 2498 ·
54 2479 73 2538 l
92 2476 241 2558 *pusque
258 2477 433 2540 durauerit.
458 2479 493 2538 ln
510 2497 547 2540 ea
562 2496 665 2556 causa,
683 2479 716 2538 in
733 2495 795 2557 qua
812 2477 906 2539 nullis
920 2496 995 2538 reus
1011 2495 1182 2558 argumen-

92 2563 156 2625 *tis
170 2563 378 2644 urguebatur,
396 2573 554 2626 tormenta
569 2583 631 2625 non
647 2563 739 2626 facile
755 2561 935 2625 adhibenda
951 2572 1039 2624 sunt:
1058 2562 1116 2625 sed
1132 2563 1182 2623 in-

92 2648 261 2712 *standum
289 2651 479 2730 accusatori,
504 2658 541 2712 ut
564 2648 597 2711 id
613 2649 698 2730 quod
720 2647 864 2710 intendat
884 2647 1067 2730 comprobet
1084 2657 1180 2728 atque

51 2737 72 2796 5
92 2734 292 2797 *conuincat
340 2737 448 2798 Testes
467 2734 638 2816 torquendi
653 2753 716 2797 non
733 2745 807 2796 sunt
823 2733 1033 2796 conuincendi
1048 2734 1182 2796 menda·
1198 2749 1233 2794 44

92 2821 156 2883 *cii
169 2832 223 2884 aut
233 2822 378 2884 ueritatis
393 2823 504 2903 gratia,
523 2823 586 2884 nisi
599 2840 670 2884 cum
683 2819 763 2883 lacto
775 2821 987 2886 interuenisse
998 2818 1182 2881 dicuntur*

490 3011 537 3091 [xv
579 3027 617 3070 nn
641 3009 789 3088 rnsrrnts]

53 3135 67 3192 4
184 3131 353 3210 Suspectus
373 3132 492 3210 gratiae
507 3139 620 3210 testes,
641 3139 673 3192 et
687 3149 740 3192 eos
753 3129 808 3192 ucl
823 3129 975 3208 maxime,
994 3147 1072 3208 quos
1087 3146 1182 3192 accu-

94 3226 183 3280 sator
197 3215 238 3278 de
251 3214 341 3278 domo
356 3216 543 3298 produxerit
552 3217 607 3300 uel
620 3218 706 3279 uitae
717 3216 880 3278 humilitas
891 3214 1062 3294 infamant,
1080 3215 1182 3277 inter-

4 3339 6 3350 ·
95 3303 203 3382 rogari
219 3321 280 3363 non
303 3302 439 3383 placuit:
466 3304 499 3363 in
522 3311 601 3364 teste
623 3304 708 3364 enim
732 3311 763 3362 et
777 3302 863 3364 uitae
886 3301 1022 3381 qualitas
1044 3302 1233 3383 spectarint

103 3475 155 3487 WV

168 3556 748 3624 tt,2—t=Dtp,ts,t8,tsspr.§§t-3
778 3558 789 3622 41
820 3558 1178 3621 tt,t==Gollctiot,t,t:

93 3643 131 3682 cro
139 3633 219 3692 parte
232 3648 264 3672 π
278 3628 338 3692 Dia.
353 3631 395 3690 44,
410 3633 435 3692 a,
451 3631 482 3678 at

169 3871 199 3917 44
219 3870 396 3934 argentaria,
410 3868 570 3932 arguaturh
611 3868 622 3932 11
664 3871 695 3918 49
714 3868 749 3933 44]
763 3867 935 3933 cstuelDta.
978 3868 989 3930 ΙΙ
1029 3868 1180 3919 aetatisui-

93 3939 177 3990 detur
189 3938 251 4002 Dia.
293 3937 304 4002 ΙΙ
345 3941 375 3987 nt
394 3937 520 4003 testibus]
540 3936 655 3989 testibus
673 3939 699 3989 et
716 3938 750 3988 de
771 3938 814 3999 (de
826 3951 875 3986 om.
892 3941 916 3998 9,
932 3940 954 3998 4)
976 3936 1182 4001 quaestionibus

96 4006 588 4070 Coll.8,8.t‚t:cs.odp.ttt‚to
624 4007 635 4070 u
671 4005 958 4070 usgratiacom.coll.
995 4005 1006 4069 ΙΙ
1042 4005 1181 4056 toeduxit

97 4076 190 4135 Cotta,
205 4075 318 4127 deduxit
332 4075 418 4126 cottv
434 4076 513 4127 coll.v
542 4075 554 4140 ΙΙ
583 4077 742 4140 interrogari
756 4075 816 4128 dett.
834 4074 897 4125 Coti.
913 4073 986 4139 Dic„
1001 4077 1182 4139 interrogatus

93 4147 146 4198 ML
181 4146 192 4208 ΙΙ
226 4149 258 4194 80
278 4144 392 4196 testibus
408 4144 470 4196 cett.
955 4163 959 4170 ·
