2922 4898
666 334 967 398 ...44,-

276 520 363 586 Pauli
373 519 457 584 libro
473 520 505 582 in
515 519 708 600 quibusdam
725 520 885 587 codicibus
900 523 1112 602 interspersae
1124 529 1209 599 sunt,
1228 520 1361 601 plenum
1453 519 1454 526 ’

275 615 479 688 apparatum,
494 603 600 685 quoad
615 625 687 670 eum
701 608 840 672 44444444
854 609 952 688 potui,
971 608 1123 687 congessi.
1155 624 1291 686 quorum
1308 625 1362 668 co-
1452 659 1454 664 ,

277 691 382 758 dicum
410 693 559 772 princeps
581 692 635 756 ille
658 701 723 772 est,
756 711 851 772 quem
874 693 998 760 Cuiacio
1029 701 1099 773 post
1127 711 1247 758 aunum
1276 691 1360 750 4579

276 778 388 842 ciuitas
402 779 570 842 Vesontina
593 777 705 858 dedic)
723 799 728 837 :
759 780 792 840 in
815 779 873 842 boc
894 780 979 842 44444
1000 780 1116 858 integri
1138 778 1221 850 tituli
1247 778 1276 857 4,
1299 779 1357 840 bo.

279 865 308 939 4,
324 865 376 926 m.
390 866 421 943 2,
438 865 509 927 244.
525 865 555 943 2,
572 865 624 926 26.
639 865 669 942 2,
685 865 721 926 34
739 865 875 928 restituti
891 864 1041 928 extabant
1056 874 1087 926 et
1102 874 1271 945 praeterea
1285 882 1362 928 sen·
1453 871 1454 882 ¹

275 951 375 1014 tentia
395 950 432 1030 5,
451 951 503 1029 33,
523 951 541 1014 8
562 951 710 1030 suppleta
733 961 811 1013 4444.
847 953 937 1014 cuius
958 949 1076 1016 codicis
1097 949 1260 1029 lectiones,
1289 969 1362 1014 cum
1453 959 1454 964 ’

277 1037 345 1117 ipse
361 1035 461 1101 codex
472 1037 605 1116 periisse
621 1035 779 1115 uideatur,
799 1057 838 1100 ex
851 1037 967 1100 Guiacii
978 1035 1264 1102 Obseruationibus
1281 1035 1315 1098 24
1329 1056 1357 1096 o.
1453 1099 1454 1112 ,

278 1123 311 1184 44
328 1123 427 1184 -43.
450 1123 846 1202 45-44.24,22,41444
868 1141 949 1188 anno
974 1123 1054 1184 4585
1078 1121 1280 1202 prodierunt,
1307 1122 1361 1186 uel
1452 1117 1454 1172 l

276 1209 397 1290 potius,
422 1209 568 1288 quoniam
591 1209 675 1270 bunc
696 1208 814 1270 librum
835 1210 941 1290 ipsum
957 1209 1096 1272 nancisci
1118 1227 1182 1270 non
1197 1209 1302 1288 potui,
1321 1227 1363 1270 ex

278 1293 416 1356 editione
446 1292 613 1356 Cuiaciana
639 1313 668 1356 4.
696 1295 777 1354 4586
801 1295 940 1358 enotaui.
979 1297 1013 1356 in
1040 1295 1171 1374 reliquis
1197 1293 1361 1375 Epitomae

277 1381 509 1460 supplementis
530 1379 666 1443 edendis
687 1381 856 1460 ancipitem
879 1380 1035 1444 editorum
1056 1380 1151 1446 tidem
1173 1379 1300 1442 abicere
1322 1379 1363 1440 li-

277 1468 359 1544 cuit,
385 1485 457 1528 oum
472 1463 567 1528 hodie
583 1474 638 1528 4444
658 1465 755 1530 iidem
771 1466 912 1545 codioos,
941 1486 958 1528 e
974 1465 1092 1547 quibus
1107 1467 1153 1528 illi
1174 1467 1361 1542 hauserunt,

277 1561 332 1614 aut
341 1551 495 1614 simillimi
505 1550 682 1631 eademque
694 1555 877 1614 auctoritate
890 1551 1028 1633 praediti
1040 1553 1214 1633 supersint.
1250 1552 1364 1614 borum
1453 1579 1454 1602 4

278 1648 384 1702 autem
399 1636 500 1702 sicubi
517 1638 624 1718 plures
639 1638 723 1702 idem
737 1639 996 1719 supplementum
1014 1648 1191 1720 praestant,
1210 1656 1275 1702 non
1290 1637 1364 1718 plu-
1452 1673 1454 1702 4

279 1723 368 1788 ribus
382 1743 479 1804 quam
499 1725 556 1803 qui
572 1722 612 1787 ad
625 1723 775 1786 traditam
798 1727 965 1788 lectionem
980 1724 1157 1790 eruendam
1177 1721 1365 1790 sufficerent

278 1829 356 1876 usus
368 1829 448 1874 sum.
479 1809 557 1889 quid
568 1820 674 1874 autem
686 1811 802 1891 singuli
819 1808 973 1889 codices²)
993 1809 1033 1873 ed
1049 1811 1126 1874 baec
1141 1811 1364 1890 supplementa

162 1957 164 1961 .
278 1897 481 1970 contulerint,
501 1896 639 1961 hocloco
655 1899 744 1976 quasi
761 1916 817 1976 per
833 1896 970 1960 indicem
986 1895 1189 1960 enumerabo.

365 1983 480 2044 Extant
491 1982 603 2062 igitur:

365 2067 477 2132 titulus
492 2068 523 2145 2,
542 2069 582 2130 26
599 2069 722 2148 integer
738 2069 771 2132 in
786 2069 934 2132 Vaticano
950 2087 1017 2148 reg.
1038 2069 1119 2129 4450
1130 2068 1167 2148 3).

367 2153 544 2231 4,4,4.3.
564 2153 595 2213 5.
628 2155 780 2230 4,42,5.
813 2155 840 2232 4,
862 2155 930 2232 434,
949 2155 981 2218 3.
1010 2155 1041 2232 3,
1059 2155 1203 2232 lubin
1227 2156 1252 2216 L
1277 2162 1309 2216 et
1331 2153 1364 2214 in

278 2237 500 2302 Aurelianensi
515 2239 577 2301 207
600 2238 700 2318 (nobis
715 2237 766 2322 Α),
792 2242 825 2304 in
842 2240 900 2302 boc
916 2250 1080 2320 praeterea
1096 2241 1191 2304 etiam
1207 2240 1238 2317 ὅ,
1260 2241 1289 2318 4,
1310 2239 1361 2300 45.

280 2327 311 2404 5,
329 2327 382 2403 33,
402 2326 433 2386 8.

368 2412 395 2488 4,
417 2412 446 2489 4,
468 2412 496 2471 i.
522 2412 550 2488 4,
573 2413 622 2488 42,
642 2411 673 2473 5.
700 2411 729 2489 4,
750 2413 817 2489 434,
836 2413 867 2473 3.
893 2414 923 2489 4,
943 2415 973 2490 6,
992 2413 1026 2474 24
1047 2413 1080 2474 44
1096 2410 1364 2491 Eporedieusi35

285 2496 386 2568 (nobis
400 2495 435 2577 44
456 2506 486 2558 ot
501 2498 535 2560 in
550 2496 749 2576 Rosambino,
769 2499 801 2562 in
817 2498 870 2560 illo
885 2499 980 2560 etiam
997 2498 1028 2576 5,
1046 2499 1098 2576 33,
1115 2499 1149 2557 8.

368 2585 398 2662 4,
412 2583 443 2660 7,
459 2585 489 2644 4.
505 2583 540 2662 5,
556 2585 586 2661 4,
603 2583 654 2644 45.
670 2583 705 2646 24
723 2585 756 2648 44
769 2584 936 2648 Ρ444444444
949 2584 1031 2648 titt
1045 2594 1076 2645 et
1088 2586 1120 2646 in
1132 2583 1282 2648 vaticano
1294 2602 1363 2662 rog.

283 2670 364 2732 4048
381 2679 412 2730 44
428 2670 460 2730 44
475 2670 627 2732 bonnensi
644 2671 717 2732 263.

366 2755 396 2834 5,
413 2756 447 2834 ,4,
468 2755 505 2816 45
522 2757 556 2818 44
571 2756 741 2820 parisiensi
757 2756 790 2820 S.
809 2754 957 2820 Germani
973 2757 1047 2820 366.

366 2841 398 2919 5,
417 2843 447 2919 4,
467 2842 502 2904 24
523 2842 555 2904 44
571 2841 739 2904 4444444444
756 2841 851 2903 lito.

368 2929 397 3005 4,
418 2928 470 3006 42,
489 2927 507 2987 5
523 2928 556 2988 44
569 2928 738 2990 Parisiensi
754 2927 849 2990 4442.

367 3015 397 3091 3,
418 3014 466 3093 44,
485 3015 505 3074 6
521 3015 554 3075 44
571 3014 737 3076 Parisiensi
754 3014 848 3076 4408.

365 3098 504 3162 Dubium
516 3100 773 3180 supplementum
785 3108 925 3179 praestat
936 3100 1032 3160 Pario
1051 3100 1133 3162 4445
1147 3101 1232 3162 inter
1245 3100 1257 3159 4
1268 3099 1364 3178 ,idm

280 3185 300 3245 3
313 3195 346 3248 et
359 3186 376 3245 4
395 3185 437 3264 (p.
452 3185 504 3262 56,
521 3186 587 3266 li).
615 3196 778 3265 praeterea
790 3205 830 3246 ex
840 3185 988 3249 Vaticano
1000 3204 1066 3266 reg.
1083 3187 1165 3248 4428
1177 3184 1219 3246 ad
1232 3186 1261 3265 4,
1278 3186 1329 3263 24,
1344 3185 1375 3244 4

280 3269 470 3334 uocabulum
485 3273 598 3352 ruinae
610 3270 754 3335 additum
770 3273 954 3350 recuperari
969 3280 1081 3352 potest.
1109 3271 1231 3350 reliqua
1247 3271 1366 3348 omnia,

283 3374 364 3436 quae
386 3353 426 3416 ab
449 3353 622 3417 editoribus
643 3376 685 3417 ex
705 3355 930 3420 additamentis
944 3358 1041 3424 4444444
1061 3357 1234 3420 alteriusue
1249 3356 1370 3420 codicis

282 3443 373 3522 Legis
393 3443 549 3506 Romanae
575 3442 627 3506 uel
653 3461 692 3506 ex
715 3441 857 3522 lipitoma
876 3440 1052 3522 ,4444444444
1075 3443 1220 3524 suppleta
1241 3461 1311 3508 ease
1332 3443 1369 3502 in

283 3528 379 3589 buius
391 3526 627 3589 editionisnotis
635 3527 892 3606 commemorabo,
904 3529 989 3590 Pauli
998 3547 1060 3591 non
1069 3527 1153 3607 44444,
1165 3527 1271 3590 sodex
1283 3529 1370 3609 glos-

284 3697 772 3714 xwwwwvwvvvvvvwvvmmvvw
777 3701 799 3712 xlx
811 3702 844 3712 dun
849 3702 853 3709 ²
858 3699 1194 3714 «vvvvxmwvxmmwmnw
1200 3701 1330 3714 sslleVWv
1335 3701 1357 3714 41ἱ
1364 3704 1368 3710 ’

354 3799 371 3864 ¹)
393 3799 431 3854 Ci.
445 3801 531 3852 Baudi
542 3801 571 3852 di
584 3801 682 3852 Vesme
694 3801 729 3854 ad
741 3802 807 3854 Cod.
822 3802 924 3856 Tbeod.
940 3804 964 3862 4,
982 3807 1023 3863 44,
1047 3801 1146 3858 4444444
1160 3805 1186 3857 44
1201 3801 1370 3868 praelatione

284 3871 318 3920 ad
333 3871 429 3933 Legem
443 3872 517 3920 Rom.
533 3870 599 3920 Wis.
617 3872 717 3934 scripta
729 3885 756 3936 p.
772 3871 851 3920 XVII.
866 3871 1012 3926 LXXXIX.

352 3935 370 4000 ²1
392 3939 508 3990 Codices
520 3953 614 4001 444444
626 3939 729 3992 saeculi
741 3940 780 3992 IX
792 3941 837 3992 uel
848 3939 875 3994 X
888 3944 965 3994 sunt:
984 3941 1115 4006 descripti
1126 3945 1191 3992 sunt
1202 3943 1230 3992 in
1244 3939 1371 3994 liacneiii

283 4005 449 4072 praelatione
462 4009 540 4072 Legis
552 4009 689 4060 Romanae
699 4009 814 4060 editioni
822 4008 861 4062 ab
874 4010 934 4074 ipso
947 4013 1055 4062 curatae
1064 4011 1224 4074 praemissa.

159 4099 163 4108 =
265 4095 267 4098 ·
351 4072 371 4138 ³)
392 4075 430 4128 Cf.
445 4077 601 4140 Degenkolb
620 4079 647 4128 44
660 4077 940 4132 commentationibus
958 4078 1101 4144 philologis
1120 4080 1148 4130 in
1165 4079 1300 4134 bonoram
1317 4077 1368 4130 Tb.

244 4219 245 4224 Ἰ
285 4145 446 4195 Mommseni
459 4147 621 4210 conscriptis
635 4150 699 4196 4847
713 4162 739 4211 p.
756 4149 804 4196 oto
818 4159 876 4211 sqq.
