2926 4888
282 317 356 368 Paul.
373 317 405 376 ll,
422 320 463 365 at.
479 319 506 365 st
672 349 759 362 ....
803 315 842 378 78
886 349 973 362 ....
1064 361 1081 386 ἱ

279 507 436 579 *tenetur
455 506 528 586 quia
544 503 781 568 administrasse
797 506 922 586 negotia
938 504 1007 566 eius
1023 505 1081 584 qut'
1094 513 1186 566 natus
1202 522 1265 566 non
1282 513 1375 566 esset
1455 543 1456 598 p

167 611 178 630 r
281 589 363 654 *non
380 589 522 654 uidetur:
542 601 573 653 et
590 589 660 652 ideo
675 591 762 654 utilis
779 593 811 653 in
828 611 900 653 eum
916 590 997 652 aetio
1013 587 1173 651 dabitur*

676 759 751 844 [uxr
797 780 833 822 ns
856 761 967 840 rverrs]

200 882 213 941 l
243 883 262 943 2
366 885 428 943 Fur
450 883 567 962 estqui
590 879 661 942 dolo
683 882 764 942 malo
785 899 852 956 rem
875 881 1010 942 alienam
1032 890 1213 942 contrectat.
1255 883 1373 942 Furta-

282 986 352 1030 rum
374 986 492 1049 genera
514 976 588 1029 sunt
609 976 772 1048 quattuor:
799 965 977 1045 manifesti,
1001 985 1067 1027 nee
1082 966 1261 1044 manifesti,
1288 984 1403 1028 eon-s

280 1055 363 1134 cepti
379 1063 409 1115 et
424 1053 532 1115 oblati.
574 1052 758 1114 manifestus
774 1051 826 1114 fur
841 1053 959 1133 estqui
976 1054 1007 1113 in
1024 1050 1168 1114 faciendo
1182 1051 1371 1133 deprehen-

280 1159 335 1201 sns
351 1149 398 1201 est
414 1149 445 1201 et
461 1141 515 1220 qui
533 1139 614 1200 intra
631 1141 780 1200 terminos
797 1139 866 1200 eius
881 1140 958 1216 loci,
985 1136 1070 1200 unde
1086 1137 1162 1218 quid
1178 1138 1367 1217 sustulerat,
1455 1159 1456 1166 ¹

281 1225 497 1306 deprehensus
513 1233 571 1303 est,
590 1223 640 1286 uel
655 1234 825 1304 antequam
840 1222 882 1286 ad
897 1243 969 1286 eum
984 1224 1085 1285 locum
1102 1243 1164 1304 quo
1179 1223 1371 1286 destinaue-

281 1321 329 1372 rat
348 1311 544 1393 peruenerit.
583 1329 643 1372 nea
665 1309 851 1372 manifestus
867 1309 919 1372 fur
940 1310 1058 1390 estqui
1075 1311 1108 1371 in
1128 1310 1275 1372 faciendo
1292 1312 1369 1390 qui-

280 1396 353 1458 dem
369 1396 589 1477 deprehensus
604 1405 737 1474 nonest,
756 1395 812 1458 sed
825 1415 898 1458 eum
915 1395 1032 1458 furtum
1048 1395 1162 1457 fecisse
1174 1398 1286 1477 negari
1303 1417 1367 1458 non
1392 1414 1416 1456 :r

241 1485 260 1544 3
280 1492 393 1564 potest.
420 1482 569 1562 Concepti
584 1483 708 1545 actione
723 1485 751 1543 is
762 1492 899 1560 tenetur,
920 1479 1005 1562 apud
1020 1499 1115 1561 quem
1128 1481 1247 1543 furtum
1264 1501 1368 1562 quae-

279 1571 375 1631 situm
398 1577 429 1630 et
451 1570 615 1631 inuentum
639 1576 696 1630 est.
737 1567 833 1629 oblati
855 1568 977 1631 actione
1001 1569 1028 1628 is
1044 1577 1188 1645 tenetur,
1216 1571 1274 1648 qui
1299 1589 1365 1628 rem

223 1657 259 1716 ·l
280 1654 429 1718 furtiuum
453 1656 507 1717 alii
524 1653 654 1732 obtulit,
680 1673 720 1716 ne
736 1653 822 1736 apud
837 1672 872 1715 se
889 1654 1097 1716 inueniretur.
1136 1655 1222 1716 Furti
1240 1657 1367 1716 actione

243 1743 261 1801 5
280 1743 307 1803 is
323 1760 416 1821 agere
432 1750 546 1822 potest,
565 1741 655 1802 auius
671 1741 804 1801 interest
819 1759 887 1802 rem
902 1758 965 1801 non
981 1737 1172 1820 perdidisse.
1213 1739 1365 1818 Concepit
1455 1757 1456 1822 3

278 1829 305 1890 is
321 1846 414 1908 agere
431 1836 550 1909 potest,
576 1828 631 1906 qui
647 1845 712 1888 rem
729 1826 873 1905 concepit
895 1834 925 1886 et
941 1827 1075 1887 inuenit.
1114 1824 1208 1888 oblati
1226 1828 1253 1888 is
1270 1845 1365 1905 agere
1391 1845 1414 1885 :·.
1455 1823 1456 1830 ’

242 1914 260 1972 6
278 1923 397 1993 potest,
424 1932 523 1995 penes
543 1931 637 1993 quem
660 1931 711 1974 res
733 1921 882 1992 concepta
904 1921 935 1972 et
957 1912 1086 1972 inuenta
1107 1920 1166 1973 est.
1206 1913 1365 1974 Manifesti

279 1997 353 2060 furti
370 2000 449 2062 aetio
471 2009 503 2060 et
525 2017 584 2060 nee
607 1996 766 2059 manifesti
783 2007 814 2059 et
829 1998 971 2078 concepti
995 2008 1027 2058 et
1041 1996 1138 2059 oblati
1160 1998 1272 2059 heredi
1291 2002 1367 2078 qui-

241 2083 260 2144 7
278 2084 351 2147 dem
367 2085 530 2164 competit,
549 2083 606 2145 sed
622 2086 655 2146 in
671 2082 823 2145 heredem
837 2101 900 2144 non
916 2083 1020 2145 datur.
1060 2085 1196 2160 Seruus,
1223 2086 1278 2164 qui
1298 2084 1366 2145 fur-

278 2181 346 2232 tum
367 2169 480 2232 fecerit
501 2170 693 2241 damnumue
717 2167 859 2247 dederit,
891 2169 951 2231 nisi
973 2167 1007 2232 id
1032 2188 1089 2251 pro
1113 2170 1162 2230 sui
1184 2173 1364 2250 quantitate

240 2257 259 2315 8
279 2255 425 2318 dominus
448 2256 565 2318 sarcire
587 2257 627 2317 sit
646 2266 793 2336 paratuS,
819 2274 920 2317 noxae
943 2254 1017 2316 dedi
1040 2264 1151 2335 potest.
1191 2256 1225 2316 Si
1247 2254 1364 2318 seruus
1385 2278 1407 2316 a,

279 2341 397 2404 furtum
421 2340 547 2422 fecerit,
577 2340 694 2403 deinde
719 2342 930 2403 manumissus
953 2341 993 2402 sit
1013 2352 1067 2403 aut
1087 2341 1258 2420 alienatus,
1290 2361 1364 2402 cum
1455 2409 1456 2416 ,

278 2430 347 2509 ipso
370 2430 559 2490 manumisso
590 2428 640 2489 uel
671 2436 812 2508 emptore
834 2429 884 2507 agi
906 2437 1025 2508 potest:
1059 2445 1139 2487 noxa
1160 2428 1246 2489 enim
1268 2439 1365 2509 caput

240 2515 259 2573 9
278 2515 432 2595 sequitur.
465 2515 562 2576 Filius
578 2512 713 2576 familias
727 2514 754 2574 si
770 2512 888 2574 furtum
905 2512 1026 2591 feeerit,
1045 2511 1162 2575 deinde
1177 2516 1364 2594 emancipe-

277 2610 347 2679 tur,
371 2599 447 2662 furti
463 2602 544 2678 actio
568 2601 599 2660 in
624 2619 696 2662 eum
718 2598 827 2678 datur,
851 2599 925 2678 quia
948 2600 980 2660 in
1001 2599 1147 2662 omnibus
1162 2618 1245 2662 noxa
1267 2612 1362 2680 eaput

219 2686 257 2746 ⁴0
277 2688 432 2767 sequitur.
457 2688 525 2748 Non
539 2696 661 2748 tantum
677 2687 732 2767 qui
749 2684 867 2746 furtum
885 2683 1011 2762 fecerit,
1029 2683 1196 2747 sedetiam
1212 2686 1250 2764 is,
1268 2689 1363 2747 euius
1385 2706 1413 2745 ,ει

277 2791 334 2854 ope
354 2782 408 2836 aut
424 2773 552 2834 consilio
576 2771 693 2834 furtum
717 2771 831 2834 factum
849 2769 964 2847 fuerit,
988 2770 1065 2832 furti
1079 2773 1199 2833 actione
1215 2781 1358 2833 tenetur.

219 2859 252 2918 ll
277 2857 351 2922 *Rei
373 2859 602 2932 hereditariae,
628 2867 796 2938 antequam
813 2856 854 2918 ah
869 2855 987 2918 herede
1004 2856 1219 2936 possideatur,
1241 2857 1360 2920 furtum

217 2945 257 3008 tt
277 2943 366 3006 *fieri
389 2965 451 3008 non
474 2943 610 3026 potest*
651 2943 723 3025 [Qui
747 2943 946 3004 meretricem
969 2942 1113 3004 lihidinis
1136 2962 1230 3006 causa
1253 2947 1363 3026 rapuit

277 3115 808 3130 MAthassAMAt-nflnssflssssnmnssstmssflmw-s
817 3117 837 3126 »υ
850 3115 861 3126 1*
871 3115 893 3126 wa
906 3115 1094 3127 rm=m=z=aaextx1xflm
1106 3115 1147 3127 »Ara
1158 3116 1332 3128 *rant-nmnsst'ffi
1356 3119 1360 3124 ·

345 3202 637 3260 tt,t-5=Gollatio
651 3205 674 3260 7,
691 3206 714 3258 5,
730 3203 796 3249 2-6
843 3200 854 3262 11
902 3198 1197 3261 3t,7.80f.lldietum
1215 3201 1362 3251 Theoderici

278 3273 336 3318 tta.
353 3273 400 3319 tat
427 3271 483 3320 Lem
496 3271 566 3319 Rom.
582 3270 716 3333 Burpund.
733 3273 763 3318 45
803 3269 813 3330 ΙΙ
852 3273 894 3329 et,
911 3273 937 3317 tt
955 3281 989 3319 aar
1005 3270 1138 3318 Vesontiuo
1150 3272 1264 3320 restituit
1279 3271 1360 3322 Cuia-

275 3341 331 3388 ct'us
345 3339 451 3388 Obstru.
467 3341 494 3387 at
502 3375 509 3399 ,
526 3343 555 3387 ts

275 3467 587 3486 wrsavvvmmwnbstmu
598 3473 675 3484 mmvw
686 3473 694 3482 a
703 3474 710 3482 t
752 3474 760 3482 fl
784 3473 791 3480 a
856 3477 859 3484 .

346 3577 549 3642 tquilquial'
580 3577 591 3639 lt
629 3575 871 3627 idolomaloom.
890 3577 952 3628 Coit.
989 3577 1000 3640 11
1037 3578 1136 3642 iquid
1153 3579 1197 3636 laic
1208 3582 1281 3638 dett,
1297 3582 1360 3643 quis

276 3648 333 3709 ML)
349 3647 496 3698 sustulerat
506 3646 692 3711 deprehensus
711 3647 855 3710 Wirtpottt,
870 3645 974 3697 furatus
985 3651 1026 3697 est
1038 3647 1252 3712 comprehensus
1267 3648 1327 3698 Coit.
1349 3649 1360 3716 ΙΙ

275 3720 351 3767 test
362 3716 408 3766 fur
423 3716 485 3766 Call.
517 3714 528 3777 11
558 3713 688 3779 rapiendo
705 3714 766 3765 Call.
798 3714 809 3778 ΙΙ
841 3719 870 3763 tt
890 3716 1103 3781 comprehensus
1120 3715 1182 3766 Call.
1214 3717 1225 3780 ΙΙ
1254 3716 1358 3767 furtum

275 3798 324 3836 om.
342 3785 404 3836 Call.
442 3785 453 3848 11
490 3788 523 3838 lt¹
540 3786 562 3833 is
581 3796 629 3833 om.
648 3782 710 3833 Gall.
742 3783 753 3846 ΙΙ
786 3786 940 3848 quaesitum
960 3821 966 3834 .
983 3821 1011 3835 ..
1035 3789 1065 3833 ta
1084 3785 1133 3848 est]
1154 3788 1196 3836 est
1212 3789 1358 3836 inuentum
1452 3783 1453 3792 ’

277 3855 340 3906 Call.
371 3855 382 3918 {l
413 3853 740 3911 ttcuruscott.,eurr1r
769 3851 780 3914 ΙΙ
810 3853 976 3918 conseptiis]
992 3854 1252 3918 conceptiuaautem
1265 3855 1328 3905 Call.
1355 3855 1359 3922 Ι

275 3923 353 3987 ttet]
369 3922 397 3973 id
410 3925 451 3972 est
461 3922 576 3972 Huschke
605 3920 615 3983 ΙΙ
643 3922 668 3971 is
680 3934 729 3970 om.
744 3921 806 3972 Coll.
837 3923 848 3984 11
880 3926 950 3972 ttet
963 3936 1012 3972 em.
1027 3923 1101 3981 Call„
1117 3923 1144 3972 id
1158 3926 1199 3973 est
1211 3924 1330 3974 Huschke
1348 3855 1359 3989 ΙΙ

275 3993 475 4056 ttquilf,sih
504 3991 515 4053 ΙΙ
546 3993 576 4040 ιι
587 3990 753 4040 manumisso
766 3989 893 4048 calasius,
906 3992 1106 4042 manumissore
1115 3993 1213 4042 aedues
1241 3991 1252 4054 ΙΙ
1281 3995 1356 4042 euim

272 4063 346 4120 dett,
360 4073 409 4110 orn.
425 4061 473 4110 Mt
509 4061 519 4122 ΙΙ
555 4063 586 4108 26
605 4072 656 4123 ope
672 4057 801 4117 euraclus,
819 4061 1011 4124 operecodt'ces
1046 4059 1056 4122 ll
1093 4064 1124 4110 28
1144 4059 1201 4124 §ts
1216 4061 1357 4110 Paulinae

273 4143 329 4180 este
340 4132 405 4179 uidit
420 4128 549 4186 Calauius,
564 4129 596 4190 es.
613 4126 665 4192 §at
683 4133 707 4178 et
720 4128 778 4190 Dip.
795 4131 836 4186 tt,
852 4131 877 4187 2,
893 4131 923 4177 ts
