2926 4888
485 370 572 382 ...
615 336 655 399 89
698 369 785 382 ..-
1009 337 1084 387 aaut.
1098 337 1175 398 111,c

26 523 68 583 33
90 523 177 585 mino
200 524 403 604 proprietatis
419 543 495 585 eum
513 523 703 586 fructuarius
719 523 752 584 in
769 525 838 586 iure
861 525 1004 586 cesserit.
1052 524 1175 586 finitur

88 607 294 672 ususfructus
308 618 362 672 aut
376 619 476 671 morte
500 619 554 672 aut
567 619 725 690 tempore:
751 618 866 688 morte,
885 629 958 672 oum
972 608 1176 672 usufructua-

91 696 161 758 rins
173 696 320 758 moritur:
346 705 499 776 tempore,
516 697 664 775 quotiens
678 695 718 758 ad
733 705 853 757 certum
869 705 994 775 tempus
1009 693 1174 758 ususfruc-

26 781 68 841 3i
90 792 143 843 tus
166 781 300 862 legatur,
326 781 415 844 uelut
437 779 567 842 biennio
588 791 643 844 ant
670 783 819 844 triennio.
865 780 974 843 Fundo
996 782 1050 845 uel
1079 801 1173 844 seruo

89 868 193 947 legato
207 876 272 928 tam
287 866 378 929 fundi
395 868 638 930 instrumentum
655 887 750 948 quam
761 868 848 929 serui
863 869 1021 947 peculium
1032 867 1074 930 ad
1088 868 1175 948 lega·
1194 882 1209 928 t

26 952 69 1013 35
90 953 207 1015 tarium
222 950 373 1032 pertinet.
412 952 673 1027 Quaerendorum
688 953 847 1016 fructuum
864 972 957 1015 musa
972 972 1043 1016 esse
1057 952 1175 1015 uiden-

90 1048 160 1116 tur,
186 1040 242 1119 qui
269 1057 350 1118 opus
375 1039 528 1101 rusticum
553 1039 689 1116 faciunt,
718 1050 752 1100 et
776 1039 946 1102 monitores
972 1048 1004 1102 et
1028 1039 1116 1102 uilici
1144 1049 1174 1101 et

89 1125 249 1186 saltuarii:
276 1125 353 1187 item
375 1125 475 1188 boues
489 1126 634 1204 aratorii,
652 1134 773 1201 aratra,
796 1123 943 1187 bidentes
957 1134 990 1188 et
1003 1125 1098 1188 falces
1112 1145 1175 1206 pu-

27 1209 69 1269 36
90 1211 241 1272 tatoriae:
260 1209 455 1273 frumentum
470 1230 596 1292 quoque
611 1210 652 1272 ad
667 1219 841 1273 sementem
857 1212 1042 1291 repositum.
1079 1213 1176 1273 Fruc-

89 1305 183 1358 tunm
198 1295 409 1376 cogendorum
420 1316 514 1360 causa
528 1306 703 1378 comparata
715 1299 924 1359 instrumento
939 1296 1066 1375 cedunt,
1085 1297 1175 1359 uelut
1195 1311 1226 1357 to

90 1381 222 1460 corbes,
240 1383 335 1460 aluei,
354 1383 449 1444 falces
463 1384 633 1445 messoriae
649 1393 681 1444 et
694 1383 849 1459 senariae,
869 1384 945 1444 item
961 1384 1060 1445 molae
1075 1383 1176 1446 oliua-

28 1465 70 1528 37
91 1469 168 1530 riae.
218 1467 514 1531 Conseruandorum
543 1467 703 1531 fructuum
729 1487 822 1531 causa
852 1479 1029 1550 comparata
1055 1469 1176 1531 instru-

90 1564 198 1616 mento
213 1553 348 1630 cedunt,
367 1554 456 1616 uelut
470 1553 570 1633 dolia,
589 1573 705 1636 cupae,
722 1554 870 1617 uehicula
887 1557 1020 1632 rustica,
1044 1554 1171 1634 cibaria,

89 1641 243 1718 pistores,
263 1642 359 1717 asini,
379 1639 529 1703 focariae:
556 1642 632 1702 item
652 1642 784 1703 ancillae
805 1659 887 1720 quae
910 1641 1099 1703 uestimenta
1119 1658 1176 1703 ru-

28 1723 71 1783 38
90 1727 179 1788 sticis
194 1725 326 1806 faciunt,
343 1735 447 1788 scutra
465 1744 590 1807 quoque
606 1737 638 1788 et
653 1736 740 1789 sutor
754 1725 1010 1789 continebuntur.
1056 1728 1176 1788 onres
1195 1739 1227 1786 tt

91 1831 201 1874 eorum
217 1813 274 1892 qui
288 1822 460 1893 operantur
471 1815 569 1893 magis
581 1822 630 1874 est
643 1822 679 1874 ut
694 1813 904 1875 instrumento
915 1810 1040 1874 cedant.
1064 1830 1176 1892 pecora

91 1915 219 1978 quoque
242 1906 273 1959 et
295 1908 438 1978 pastores
460 1917 568 1961 eorum
592 1897 786 1960 stercorandi
809 1917 902 1960 causa
924 1908 1032 1978 parata
1056 1899 1177 1960 instru-

29 1980 70 2041 39
91 1993 198 2047 mento
220 1985 434 2047 continentur.
481 1985 526 2047 Ea
548 1993 670 2062 autem,
689 2003 771 2065 quae
786 1983 946 2046 custodiae
968 1985 1068 2064 magis
1083 2003 1177 2046 cansa

91 2068 176 2150 quod
197 2068 239 2131 ad
253 2089 331 2132 usus
346 2071 446 2151 patris
468 2068 603 2133 familias
617 2089 654 2162 ep
669 2069 773 2132 delata
787 2079 877 2148 sunt,
896 2071 1101 2132 instrumenti
1118 2089 1176 2132 no-

31 2153 70 2212 to
91 2156 177 2217 mine
200 2173 263 2216 non
285 2156 498 2218 continentur.
544 2157 662 2218 onres
684 2175 759 2218 uero
781 2175 907 2235 eorum,
933 2157 989 2236 qui
1010 2156 1175 2219 mercedes
1193 2169 1225 2216 so

89 2250 254 2321 praestare
277 2251 525 2321 consueuerant,
558 2261 664 2323 neque
687 2243 904 2305 instructionis
926 2260 1032 2323 neque
1055 2243 1175 2304 instru-

31 2325 66 2384 tt
91 2328 191 2389 menti
213 2327 423 2407 appellatione
451 2328 665 2390 continentur.
717 2329 894 2396 Piscaturae
922 2329 975 2390 uel
997 2329 1175 2393 uenationis

42 2465 45 2472 .
91 2414 338 2475 instrumentum
354 2415 394 2476 ita
410 2413 538 2476 demum
554 2416 765 2476 instrumento
780 2413 871 2477 fundi
887 2414 1076 2492 continetur,
1093 2415 1119 2476 si
1136 2434 1175 2476 cx

31 2497 71 2558 ta
91 2499 141 2561 his
157 2500 294 2561 maxime
311 2497 401 2564 fundi
416 2499 539 2562 reditus
555 2511 718 2580 cogantur.
753 2501 885 2563 Fructus
900 2501 1041 2581 percepti
1055 2501 1175 2562 instru-

90 2593 198 2648 mento
214 2583 305 2648 fundi
321 2587 363 2648 ita
378 2585 507 2650 demum
523 2585 656 2664 cedunt,
675 2587 702 2648 si
718 2585 838 2648 ibidem
853 2585 977 2648 absumi
992 2605 1011 2648 a
1024 2594 1175 2648 testatore
1193 2599 1226 2646 st

33 2670 70 2730 to
91 2681 333 2733 consueuerant.
380 2671 489 2734 Fundo
511 2673 684 2734 cumomni
706 2673 916 2734 instrumento
932 2673 1049 2734 rustico
1071 2681 1103 2736 et
1118 2691 1175 2734 ur-

89 2755 172 2819 bano
189 2766 222 2818 et
243 2757 407 2838 mancipiis
428 2777 510 2838 quae
526 2758 571 2819 ibi
586 2767 660 2821 sunt
683 2759 783 2838 legato
798 2758 919 2820 semina
940 2776 1066 2838 quoque
1082 2765 1114 2818 et
1128 2759 1174 2819 ci-

33 2843 70 2902 tt
90 2842 180 2905 baria
195 2841 411 2907 debebuntur.
458 2843 566 2906 Fundo
588 2844 760 2907 cumomni
780 2844 991 2906 instrumento
1010 2844 1128 2905 rustico
1144 2853 1175 2905 et

90 2927 212 2992 urbano
228 2939 261 2992 et
276 2930 442 3011 mancipiis
457 2949 539 3011 quae
561 2929 606 2992 ibi
622 2939 697 2992 sunt
713 2930 814 3010 legato
828 2938 891 2991 tarn
911 2928 1056 3008 supellex
1078 2947 1173 3009 quam

90 3025 309 3077 aeramentum
325 3017 465 3096 itemque
481 3024 649 3096 argentum
670 3023 838 3094 maestes,
864 3032 945 3095 quae
960 3013 1005 3075 ibi
1020 3023 1112 3095 pater
1126 3013 1173 3077 fa·
1193 3027 1224 3072 ao

92 3102 196 3162 milies
210 3100 390 3164 instruendi
412 3103 511 3182 gratia
534 3101 652 3165 habere
668 3102 766 3180 solet,
791 3099 1011 3164 debebuntur:
1038 3101 1114 3163 item
1136 3120 1174 3164 ea

89 3187 256 3266 mancipia,
276 3206 357 3268 quae
372 3189 446 3250 usui
460 3188 560 3268 patris
574 3188 709 3250 familias
723 3206 794 3250 esse
808 3188 926 3265 solent,
944 3187 1083 3266 itemque
1098 3207 1176 3250 anes

89 3282 120 3335 et
132 3291 258 3354 peoora,
278 3291 359 3354 quae
371 3272 630 3337 instruendamm
642 3275 809 3355 epularum
820 3275 919 3354 gratia
935 3274 967 3334 in
980 3271 1077 3338 fundo
1089 3293 1175 3338 com-

89 3368 201 3440 parata
218 3368 309 3420 sunt:
335 3360 475 3440 exceptis
489 3360 549 3437 his,
575 3379 658 3441 quae
674 3359 718 3422 ibi
741 3360 901 3422 custodiae
924 3378 1017 3422 causa
1031 3359 1175 3439 deposita

34 3441 71 3501 45
90 3454 177 3507 sunt.
224 3444 332 3507 Fundo
347 3447 449 3527 legato
470 3465 517 3506 rra
533 3466 568 3506 vr
584 3465 709 3510 crrmvs
724 3464 904 3518 urxruvsova
920 3465 970 3507 asr
987 3447 1066 3508 retia
1082 3466 1175 3527 apra·
1193 3456 1226 3502 tt

90 3531 137 3592 ria
153 3538 187 3592 et
202 3541 308 3594 cetera
323 3533 501 3594 uenationis
516 3533 724 3594 instrumenta
740 3532 1002 3594 continebuntur:
1028 3550 1111 3612 qnae
1127 3541 1175 3594 et-

88 3617 153 3679 iam
167 3615 209 3678 ad
226 3617 469 3680 instrumentum
482 3618 654 3700 pertinent,
672 3619 698 3680 si
713 3628 863 3699 quaestus
876 3617 968 3680 fundi
984 3637 1024 3679 ex
1038 3618 1174 3679 maxima

90 3804 165 3818 ‘valum
176 3804 286 3818 uvivum
295 3805 382 3818 ufstvvvx
392 3805 533 3816 vvvvxnwxuu
554 3807 565 3817 »ι
578 3805 605 3816 rvr
614 3805 719 3816 xrxrxmtxwx
742 3805 790 3816 &mxv
809 3805 861 3816 man
873 3807 878 3814 a
889 3803 990 3816 vxwxsxvx
1015 3805 1020 3812 κ
1033 3805 1051 3814 m
1063 3805 1083 3813 υ·
1095 3804 1165 3816 ννκΛκ

160 3944 250 3992 amm
269 3940 344 3992 fundi
367 3940 490 4002 (fundum
509 3941 536 4003 t)
558 3943 769 3992 instrumentum
791 3940 842 4001 l-to
862 3941 918 4002 tlt)
939 3941 1030 4004 qnam]
1055 3946 1173 4002 expectes

90 4009 172 4062 neci.
188 4012 206 4061 i.
222 4025 283 4072 nec,
297 4010 330 4073 cf.
347 4011 405 4075 Dia.
421 4014 463 4071 33,
479 4013 504 4070 8,
518 4012 561 4060 st.
582 4012 727 4070 ca,to,tt
758 4009 769 4072 ΙΙ
800 4013 831 4058 ts
850 4013 940 4059 scutra
953 4011 984 4070 t,
997 4008 1138 4060 scodrafd
1164 4008 1175 4075 ΙΙ

92 4083 123 4130 tt
135 4079 220 4144 qnod]
234 4093 340 4144 quaeue
352 4093 415 4140 ror„
429 4079 461 4141 of.
478 4080 536 4143 Dia.
550 4083 592 4140 et,
606 4081 631 4140 t,
646 4083 687 4140 ts,
704 4082 735 4128 45
758 4079 770 4140 ll
794 4081 825 4127 tt
838 4079 974 4142 piscatore
987 4080 1015 4138 t,
1030 4079 1174 4143 piscatoris

91 4149 119 4198 tt
146 4149 158 4212 l
188 4153 220 4198 ³2
239 4148 520 4213 itemqneff‚itemt
