2922 4898
488 319 575 332 ....
617 287 656 348 21
702 319 789 332 .-.
1006 241 1011 248 ι
1073 289 1182 353 Ἣρ.49

18 477 56 536 8
179 475 379 555 Vsucapione
401 474 574 536 dominium
595 475 802 555 adipiscimur
816 486 881 538 tam
904 477 1053 557 mancipii
1074 495 1180 540 rerum

80 580 189 642 quam
205 579 267 622 nec
281 562 442 641 mancipii.
473 563 624 642 usucapio
640 570 687 624 est
708 571 814 624 autem
829 561 960 624 dominii
976 562 1103 643 adeptio
1124 583 1182 643 per

80 647 365 710 continuationem
387 649 594 728 possessionis
609 649 683 710 anni
705 648 757 710 uel
779 647 918 710 biennii:
947 667 1055 712 rerum
1079 649 1181 711 mobi-

79 735 171 796 lium
187 735 275 812 anni,
295 733 503 795 immobilium
519 733 653 795 biennii.

23 821 57 880 9
180 819 216 880 ln
240 820 308 881 iure
330 820 430 881 cessio
445 838 573 899 quoque
596 822 770 882 communis
785 821 931 904 alienatio
947 830 995 882 est
1014 829 1046 881 et
1061 823 1180 882 manci·
1199 833 1212 879 5

82 905 136 987 pii
162 924 275 966 rerum
296 915 328 966 et
349 925 407 967 nec
425 907 591 986 mancipii:
621 924 703 985 quae
723 906 758 967 fit
780 925 837 986 per
863 914 930 967 tres
949 925 1117 986 personas,
1146 908 1178 968 in
1320 901 1322 908 ’

26 991 58 1050 0
83 994 165 1053 iure
178 991 334 1069 cedentis,
353 991 557 1069 uindicantis,
576 991 763 1053 addicentis.
788 992 823 1052 ln
835 993 904 1053 iure
915 991 1000 1053 cedit
1012 991 1176 1054 dominus:

1 1077 51 1137 ll
83 1075 240 1140 uindicat
263 1078 308 1157 ie,
331 1079 381 1138 cui
404 1077 546 1139 ceditur:
575 1077 694 1139 addicit
713 1087 852 1158 praetor.
890 1078 925 1138 ln
947 1079 1016 1139 iure
1038 1077 1106 1139 cedi
1130 1098 1180 1141 res

85 1164 193 1225 ctiam
216 1164 430 1244 incorporales
455 1173 603 1244 possunt,
628 1164 717 1226 uelut
740 1162 940 1225 ususfructus
968 1173 998 1224 et
1019 1163 1181 1226 hereditas

1 1249 62 1310 12
84 1259 120 1311 et
138 1249 242 1311 tutela
254 1249 394 1330 legitima
409 1249 552 1311 libertae.
578 1247 742 1310 Hereditas
759 1250 791 1310 in
804 1251 873 1311 iure
885 1250 1009 1312 ceditur
1020 1250 1074 1311 uel
1090 1255 1181 1312 ante·
1200 1263 1229 1308 44

1 1336 59 1396 43
84 1354 190 1416 quam
207 1333 341 1396 adeatur
355 1337 406 1397 uel
428 1345 630 1416 posteaquam
651 1334 737 1396 adita
753 1334 858 1398 fuerit.
891 1319 1069 1417 Antequam
1085 1334 1181 1398 adea-

85 1433 166 1500 tur,
185 1422 219 1481 in
236 1423 305 1483 iure
321 1420 390 1482 cedi
405 1430 510 1502 potest
524 1421 564 1482 ab
579 1421 696 1483 herede
712 1422 860 1504 lepitt'mo:
876 1431 1079 1502 posteaquam
1095 1421 1179 1484 adita

87 1518 153 1587 est,
174 1516 240 1568 tam
254 1525 272 1568 a
285 1508 421 1588 legitimo
436 1526 531 1588 quam
543 1506 585 1569 ab
601 1527 648 1586 eo,
667 1508 722 1587 qui
737 1516 923 1570 testamento
934 1509 1026 1570 heres
1042 1509 1181 1589 scriptus

8 1592 62 1652 tt
87 1603 152 1656 est.
181 1593 214 1654 Si
230 1602 400 1675 antequam
415 1593 549 1656 adeatur
566 1592 725 1655 hereditas
740 1594 772 1654 in
789 1594 856 1655 iure
872 1613 959 1655 cessa
974 1595 1031 1672 sit,
1049 1593 1180 1673 proinde

85 1681 188 1741 heres
206 1678 251 1757 lit,
269 1680 320 1740 cui
336 1697 424 1741 cessa
439 1690 496 1757 est,
514 1680 593 1740 acsi
609 1681 676 1760 ipse
693 1680 786 1742 heres
801 1680 958 1760 legitimus
974 1691 1070 1741 esset.
1095 1680 1181 1760 quod
1200 1693 1231 1738 ts

87 1767 117 1828 si
133 1775 342 1846 posteaquem
356 1764 441 1827 adita
453 1764 559 1844 fuerit,
579 1767 610 1826 in
625 1767 695 1828 iure
711 1783 799 1826 cessa
814 1767 864 1843 sit,
884 1766 911 1826 is
926 1766 979 1844 qui
996 1766 1090 1826 cessit
1105 1785 1181 1846 per·

88 1861 202 1913 manet
217 1852 314 1913 heres
337 1861 368 1913 et
383 1851 424 1912 ob
438 1851 471 1913 id
492 1851 699 1913 creditoribus
722 1851 862 1913 defuncti
885 1861 990 1913 manet
1006 1850 1177 1931 obligatus:

13 1935 66 1995 to
88 1936 208 2000 Debita
220 1956 299 1999 uero
311 1946 458 2018 pereunt,
477 1936 510 1999 id
526 1948 573 2000 est
589 1936 750 1999 debitores
766 1935 908 1999 defuncti
924 1937 1111 2016 liberantur,
1130 1957 1181 2000 res

91 2032 203 2086 autem
220 2024 405 2102 corporales,
425 2025 520 2106 quasi
533 2024 674 2103 singulae
690 2025 723 2084 in
738 2025 809 2085 iure
824 2042 929 2086 cessae
945 2033 1056 2102 essent,
1075 2031 1182 2086 trans-

92 2117 174 2172 cunt
189 2107 230 2170 ad
247 2129 330 2188 eum,
351 2111 402 2171 cui
418 2129 506 2171 cessa
522 2119 569 2171 est
585 2108 759 2173 hereditas,
1198 2121 1230 2166 so
1333 2163 1337 2170 ,
1390 2165 1397 2196 ι,

23 2194 70 2272 lb
182 2193 424 2257 Adiudicationc
447 2194 584 2258 dominia
600 2198 813 2258 nanciscimur
834 2212 893 2276 per
907 2195 1073 2257 formulam
1089 2195 1182 2271 fami-

35 2297 39 2306 ·
94 2282 158 2344 liae
179 2280 424 2361 herciscundae,
445 2301 526 2362 quae
542 2283 644 2343 locum
660 2282 754 2344 habet
772 2284 857 2343 inter
871 2281 1058 2360 coheredes,
1078 2291 1109 2343 et
1124 2302 1182 2363 per

96 2368 265 2429 formulam
287 2369 443 2430 communi
465 2367 659 2446 diuidundo,
686 2369 737 2430 cui
751 2368 837 2429 locus
854 2377 902 2429 est
918 2369 1003 2430 inter
1017 2369 1130 2448 socios,
1151 2378 1182 2429 et

96 2473 158 2535 per
181 2452 346 2515 formulam
368 2454 479 2516 finium
509 2454 742 2534 regundorum,
768 2473 848 2534 quae
871 2463 919 2516 est
940 2454 1024 2515 inter
1046 2456 1178 2515 uicinos.

3 2569 4 2572 ¹
97 2559 172 2602 nam
188 2540 215 2601 si
230 2539 328 2602 index
348 2541 403 2602 uni
420 2560 459 2602 ex
473 2540 645 2602 heredibus
659 2550 715 2602 aut
729 2541 822 2602 sociis
837 2550 891 2602 aut
912 2540 1025 2602 uicinis
1041 2559 1108 2602 rem
1123 2540 1182 2601 ali·
1201 2551 1232 2596 ss
1261 2589 1264 2596 ,

100 2644 194 2706 quam
209 2624 454 2705 adiudicauerit‚
474 2629 579 2688 statim
595 2627 640 2687 illi
656 2626 844 2707 adquiritur,
862 2628 930 2688 siue
945 2626 1096 2706 mancipii
1112 2626 1181 2687 siue

10 2755 11 2768 2
100 2730 159 2773 nec
173 2713 321 2793 mancipii
337 2714 389 2774 sit.

11 2797 12 2801 ’
42 2795 81 2854 47
185 2801 265 2878 Lege
280 2798 372 2860 nobis
387 2797 569 2880 adquiritur
590 2799 680 2860 uelut
695 2797 848 2860 caducum
863 2798 917 2859 uel
933 2798 1126 2877 ereptorium
1142 2816 1183 2858 ex

102 2885 170 2964 lege
184 2885 275 2964 Papia
293 2886 452 2966 Poppaea,
471 2886 546 2946 item
568 2885 706 2964 legatum
727 2883 851 2964 exlege
875 2881 1039 2944 duodecim
1059 2881 1183 2944 tabula-

1449 2921 1457 2944 l

105 2989 184 3049 rum,
203 2971 270 3032 siue
286 2971 434 3051 mancipii
451 2989 503 3032 res
518 2972 582 3031 sint
597 2971 664 3032 siue
680 2988 738 3031 nec
752 2969 912 3049 mancipii.
1198 2979 1229 3024 30
1391 2985 1417 3014 ·;

49 3053 88 3112 48
188 3055 375 3136 Adquiritur
403 3067 504 3118 autem
526 3055 617 3117 nobis
640 3057 733 3117 etiam
759 3073 818 3135 per
838 3073 891 3116 eas
912 3071 1078 3135 personas,
1104 3073 1183 3134 quas

108 3142 140 3202 in
154 3151 300 3222 potestate
322 3161 417 3204 manu
433 3143 628 3222 mancipioue
644 3141 808 3202 habemus.
834 3141 942 3221 itaque
958 3140 985 3201 si
1001 3140 1079 3218 quid
1094 3160 1184 3204 man-

109 3228 186 3308 cipio
204 3237 277 3309 puta
300 3229 479 3308 acceperint
500 3238 554 3290 aut
574 3228 725 3290 traditum
747 3227 794 3288 eis
809 3228 851 3288 sit
872 3227 927 3288 uel
947 3225 1089 3306 stipulati
1113 3227 1185 3291 fue-

60 3309 94 3369 49
110 3315 180 3392 rint,
196 3313 234 3375 ad
245 3333 300 3376 nos
316 3315 466 3396 pertinet.
491 3315 569 3376 ltem
582 3315 608 3376 si
623 3312 756 3375 heredes
768 3313 906 3375 instituti
922 3314 986 3374 sint
1002 3312 1185 3392 legatumue
1323 3384 1326 3387 ,

113 3400 156 3461 eis
169 3400 222 3479 sit,
238 3410 269 3462 ct
283 3399 492 3470 hereditatem
509 3402 599 3462 iussu
612 3409 719 3462 nostro
734 3398 890 3461 adeuntes
905 3397 996 3460 nobis
1011 3398 1187 3480 adquirunt
1207 3418 1240 3467 ts
1324 3418 1327 3455 ῑ

61 3479 97 3541 lt
115 3495 145 3546 et
157 3485 283 3566 legatum
304 3485 345 3548 ad
360 3505 417 3548 nos
439 3488 589 3567 pertinet.
622 3486 654 3548 si
676 3505 788 3548 seruus
809 3487 940 3548 alterius
956 3486 989 3546 in
1008 3483 1121 3567 bonis,
1141 3490 1190 3554 al·
1320 3487 1324 3501 ²

117 3573 207 3633 terius
226 3591 263 3633 ex
278 3573 347 3634 iure
362 3573 534 3645 Quiritium
549 3573 607 3650 sit,
633 3591 673 3634 ex
695 3571 842 3634 omnibus
861 3572 965 3633 causis
986 3569 1128 3650 adquirit
1144 3581 1187 3658 ei,

123 3743 141 3754 rs
150 3742 397 3760 ΝᾺΛΛΛΛΛΛΛΛΛΛΛΛΛ

183 3833 192 3878 4
211 3829 360 3882 dominiaG
384 3825 395 3896 ΙΙ
422 3829 533 3894 tquae]
554 3844 639 3896 eaque
653 3829 777 3893 Schilttnp
803 3826 812 3893 ΙΙ
839 3831 853 3877 t
874 3828 1002 3878 cedentes
1014 3829 1202 3899 medicantes

125 3897 262 3950 addicentes
277 3899 297 3950 0
319 3896 330 3964 ΙΙ
358 3901 390 3947 rt
402 3898 437 3964 ab
451 3898 551 3950 herede
563 3900 682 3963 legitimo
696 3897 826 3957 0444444444,
841 3897 958 3960 legitime
970 3894 1005 3946 ab
1018 3896 1123 3952 herede
1140 3905 1163 3957 c
1191 3916 1210 3992 q

128 3964 544 4030 itacismoouuecrmdctom.
562 3969 595 4020 C·
622 3965 633 4034 ΙΙ
662 3970 694 4016 tt
712 3964 905 4031 posteacumc
938 3961 949 4030 ΙΙ
985 3967 1016 4012 tt
1036 3973 1170 4030 quasi.,

128 4039 204 4086 essem
214 4036 338 4100 Setttb'op,
352 4039 460 4100 quoties
474 4075 480 4088 .
496 4073 503 4088 .
519 4073 526 4086 .
541 4040 605 4088 sunt
620 4037 640 4089 G
655 4033 666 4102 ΙΙ
684 4039 716 4085 tt
735 4037 804 4086 inter
816 4048 885 4100 qnos
898 4032 1013 4084 heredes
1030 4033 1050 4086 C
1067 4033 1078 4103 ΙΙ
1097 4041 1125 4088 tt
1143 4029 1219 4118 au',

132 4101 378 4170 tutiquidemc
402 4102 412 4171 ΙΙ
438 4110 469 4156 ta
483 4104 655 4171 acceperitC
680 4101 689 4171 ΙΙ
715 4107 746 4153 st
761 4101 838 4154 iusG
858 4098 869 4168 ΙΙ
895 4103 1013 4154 causis*
1026 4105 1166 4172 adquiret
1190 4133 1225 4189 0
