2922 4898
474 377 560 390 ...-
603 345 644 406 63
688 379 774 390 .-
961 347 1034 396 ram.
1050 347 1083 404 11,
1097 350 1164 395 r-o

22 530 65 614 1131
86 537 168 596 Naue
185 534 245 602 uel,
261 532 373 594 arbore
388 534 422 594 ui
437 533 635 612 tempestatis
658 533 772 593 amissa
786 541 930 595 uectores
946 534 987 595 ad
1003 534 1167 598 contribu-

86 622 200 681 tionem
216 637 279 680 non
294 627 456 696 tenentur,
475 620 537 679 nisi
560 617 637 697 ipsis
653 617 799 679 arborem
813 618 923 679 salutis
939 639 1031 682 causa
1048 640 1166 682 eruen-

22 703 66 787 121
85 707 168 768 tibus
186 707 280 767 nauis
295 705 383 766 salua
398 705 449 764 sit.
489 705 574 765 lactu
590 705 680 765 nauis
695 705 800 765 leuata
815 705 842 765 si
856 705 997 784 perierit,
1017 711 1166 770 extractis

86 793 215 854 aliorum
231 810 291 870 per
305 791 483 851 urinatores
498 789 656 851 mercibus
671 791 740 851 eius
755 808 870 870 quoque
886 794 1037 854 rationem
1054 793 1165 854 baberi

54 877 68 936 l
87 878 212 958 placuit,
233 877 287 957 qui
303 895 425 937 merces
439 877 524 937 salua
541 895 622 937 naue
638 876 777 937 iactauit.
801 876 968 939 Leuandae
984 881 1076 940 nauis
1093 899 1166 959 gra·
1185 892 1198 936 5

85 965 126 1025 tia
145 982 269 1024 merces
291 963 324 1022 in
347 962 494 1042 scapham
517 962 702 1023 transiectas
717 971 811 1041 atque
827 961 898 1024 ideo
921 966 1052 1026 amissas
1074 966 1166 1026 iutri-

86 1050 211 1111 butiono
225 1067 334 1110 earum
351 1066 432 1128 quae
449 1050 482 1108 in
497 1049 571 1110 naui
588 1048 694 1109 saluae
710 1058 784 1108 sunt
798 1047 885 1108 refici
901 1052 1065 1111 conuenit:
1082 1069 1165 1112 naue

85 1145 189 1197 autem
211 1133 336 1215 perdita
351 1143 555 1195 conseruatae
572 1153 643 1195 cum
666 1133 825 1195 mercibus
841 1137 976 1215 scaphae
1000 1139 1081 1197 ratio
1103 1156 1163 1197 non

54 1219 228 1283 bhabetur.
281 1219 409 1281 Collatio
430 1220 647 1282 intributionis
669 1219 710 1280 ob
736 1220 853 1281 iactum
879 1222 966 1283 salua
989 1240 1070 1284 naue
1097 1223 1164 1284 lieri

84 1308 188 1370 debet.
1186 1318 1215 1363 lo

437 1493 501 1576 [vm
544 1513 581 1554 nn
604 1493 814 1574 msrrromovs]

55 1614 64 1671 l
168 1617 257 1677 Sicut
287 1613 448 1675 commoda
470 1615 624 1676 sentimus
646 1633 686 1674 ex
708 1623 780 1676 actu
803 1616 974 1701 praepositi
1001 1617 1162 1693 institoris,

22 1745 23 1758 ,
86 1703 125 1762 ita
147 1711 180 1762 et
196 1700 392 1762 incommoda
407 1701 525 1762 sentire
540 1699 705 1761 debemus
746 1709 778 1761 et
794 1699 864 1761 ideo
880 1702 933 1781 pul
953 1720 1082 1762 seruum
1098 1705 1166 1764 siue

85 1788 183 1849 lilium
205 1787 344 1848 filiamue
367 1787 500 1846 familias
522 1787 591 1848 siue
606 1787 750 1846 ancillam
774 1788 953 1866 praeposuit
973 1789 1099 1866 negotio
1114 1789 1166 1850 uel

85 1871 243 1935 mercibus
266 1871 467 1950 exercendis,
493 1891 602 1933 eorum
618 1873 745 1933 nomine
761 1873 794 1931 in
810 1871 945 1934 solidum
962 1875 1158 1935 conuenitur.
1186 1885 1216 1930 ts

53 1959 68 2016 Ξ
85 1960 116 2021 Si
131 1960 205 2038 quis
220 1960 372 2038 pecuniae
385 1957 578 2019 fenerandae
588 1976 728 2037 agroque
743 1957 883 2034 colendo,
902 1958 1074 2020 condendis
1085 1979 1166 2022 uen-

85 2044 262 2124 dendisque
279 2043 423 2124 frugibus
440 2045 640 2124 praepositus
655 2053 719 2120 est,
742 2063 781 2104 ex
797 2063 834 2104 eo
850 2046 977 2106 nomine
994 2046 1165 2125 quodcum

86 2131 137 2191 illo
159 2139 355 2192 contractum
379 2140 427 2190 est
442 2132 474 2191 iu
492 2129 625 2191 solidum
642 2128 733 2190 fundi
748 2129 895 2192 dominus
910 2131 1082 2211 obligatur:
1108 2151 1167 2192 nec

53 2215 68 2274 3
87 2211 233 2293 interest,
261 2235 374 2277 seruus
397 2235 436 2277 an
459 2216 542 2276 liber
562 2218 614 2276 sit.
653 2214 744 2287 Quod
760 2235 831 2276 cum
854 2216 1020 2297 discipulis
1043 2237 1162 2281 eorum.

86 2305 139 2382 qui
161 2300 296 2363 officinis
317 2301 458 2363 tabernis
480 2311 632 2382 praesunt
653 2310 848 2362 contractum
864 2312 926 2381 est,
953 2304 985 2363 in
1003 2305 1165 2384 magistros
1184 2315 1215 2361 at
1290 2349 1297 2362 .

85 2389 136 2450 uel
151 2388 310 2449 institores
325 2387 476 2451 tabernae
492 2389 524 2447 in
541 2387 676 2448 solidum
693 2389 773 2449 actio
789 2387 893 2450 datur.
1132 2385 1135 2392 ’

438 2575 478 2657 [rx
519 2595 556 2636 nu
580 2594 610 2636 m
632 2595 689 2637 nnn
710 2576 811 2658 maso]

55 2696 65 2753 l
171 2698 292 2758 Seruus
312 2697 365 2757 uel
387 2695 619 2758 filiusfamilias
636 2698 663 2758 si
684 2705 843 2778 acceptam
859 2699 1026 2777 pecuniam
1050 2701 1082 2759 in
1099 2717 1165 2759 rem

88 2784 184 2862 patris
199 2784 252 2844 uel
273 2781 393 2843 domini
414 2784 564 2861 uerterit,
589 2784 646 2844 hoc
662 2783 766 2844 modo:
795 2801 906 2862 agrum
926 2793 1002 2863 puta
1022 2783 1163 2861 colendo,

88 2869 212 2930 domum
229 2868 405 2946 fulciendo,
429 2871 585 2948 mancipia
600 2868 782 2946 uestiendo‚
803 2868 971 2930 mercando
992 2869 1045 2930 uel
1062 2869 1167 2930 credi·
1184 2881 1217 2925 25

87 2957 145 3016 tori
160 2953 313 3016 soluendo
327 2955 379 3015 uel
396 2953 474 3034 quid
490 2955 552 3016 tale
568 2954 721 3032 faciendo,
742 2952 781 3015 dc
798 2955 830 3014 in
848 2974 913 3015 rem
930 2974 1022 3016 uerso
1038 2955 1070 3015 in
1087 2956 1166 3015 soli-

88 3040 161 3102 dum
176 3042 231 3102 uel
246 3049 368 3120 patrem
383 3042 436 3102 uel
448 3040 608 3102 dominum
625 3039 755 3120 obligat:
776 3041 802 3100 si
817 3049 923 3102 tamen
939 3040 979 3101 ob
995 3042 1076 3102 hanc
1091 3060 1166 3102 oau-

54 3127 149 3188 llsam
176 3127 314 3207 pecunia
340 3126 412 3188 data
438 3128 489 3188 sit.
537 3126 651 3188 *Filius
678 3126 811 3187 familias
837 3128 863 3186 si
890 3127 923 3186 in
950 3125 983 3188 id
1009 3129 1167 3208 acceperit

87 3211 246 3276 *mutuam
261 3214 446 3293 pecuniam,
471 3221 506 3275 ut
522 3232 589 3274 eam
606 3232 663 3292 pro
685 3232 789 3290 sorore
812 3214 916 3273 suain
940 3212 1044 3274 dotem
1064 3214 1163 3291 daret,

97 3402 136 3413 Μ
497 3399 1168 3414 mvxnnrxmzvxnmmnmmnmmmxmvvvvwxmmm

154 3487 329 3550 9,2=Dip.
346 3489 472 3546 tl,6‚tl

91 3624 130 3638 [liv
139 3621 764 3636 υνΧΑΜΝνΧ-ΑΛΛΛΛΝΧᾹΛᾹΜΧΛΛΛΛΛΛΑΛΛΛΛΛΛΛΛΜΜΑ

156 3748 170 3792 2
184 3758 239 3794 uon
249 3748 376 3793 tenentur
385 3745 415 3804 L,
430 3746 603 3794 reteneanlur
613 3745 642 3792 M
661 3745 671 3806 11
695 3746 827 3808 iquoque
837 3746 896 3794 eius
905 3747 1001 3795 codices
1022 3746 1033 3807 11
1054 3747 1169 3794 ttrans-

92 3814 172 3864 lectas
183 3828 206 3864 a.
223 3815 240 3862 i.
256 3815 369 3863 amissas
385 3813 514 3874 coiacus,
533 3815 695 3863 transiectae
707 3827 732 3862 a.
747 3816 764 3863 i.
779 3815 894 3863 amissae
906 3816 1004 3864 codices
1038 3814 1049 3874 11
1085 3817 1099 3860 9
1119 3813 1169 3863 ob-

92 3883 301 3932 iectumcodioes
330 3881 340 3942 11
372 3885 401 3929 43
416 3885 462 3944 qui
475 3884 543 3943 edd,
558 3884 586 3930 in
599 3895 662 3931 eum
676 3883 722 3945 qui
733 3884 830 3932 codices
859 3881 869 3944 11
903 3882 1072 3931 ttfiliamuel
1086 3883 1134 3930 ML
1159 3879 1170 3947 11

91 3953 195 4014 negotio
207 3953 280 4011 dett,
301 3951 401 4013 negotii
413 3952 450 4008 M,
470 3952 639 4014 negotiumL
674 3950 684 4012 11
722 3956 752 4000 to
773 3951 923 4001 condendis
936 3951 1169 4013 coufirmatlater-

88 4023 207 4080 pretorio,
222 4019 379 4069 coemendis
395 4018 515 4070 Celadus
548 4020 559 4081 11
595 4023 626 4067 20
646 4021 782 4082 magistris
794 4019 838 4069 uel
852 4018 1022 4068 institoribus
1034 4020 1131 4068 codices
1159 4015 1170 4085 11

92 4092 122 4135 at
143 4088 256 4138 colendo
270 4090 342 4148 dett,
362 4089 506 4137 colendum
521 4089 569 4137 ML
605 4089 615 4150 11
652 4092 682 4136 at
701 4089 996 4149 verbositamenspp.
1017 4091 1169 4148 nescioquo

90 4159 162 4206 modo
173 4162 297 4218 corrupto
309 4170 363 4206 esse
375 4158 465 4206 doceat
477 4157 535 4220 Dip.
552 4161 592 4214 lt,
609 4163 633 4217 3,
649 4161 662 4204 3
677 4155 689 4220 §
703 4161 726 4205 t.
747 4161 761 4206 a
776 4155 814 4220 §3
