2926 4888
232 297 270 348 Dc
283 299 342 350 iure
353 296 413 348 fisci
613 329 697 342 ...-
744 296 805 358 164
848 329 934 343 ...-

233 487 353 566 cogitur
368 503 429 548 na*
448 481 451 567 l
470 508 530 542 *a*
547 488 615 548 ctu
630 481 670 546 ad
685 502 757 545 oum
773 479 907 568 losissio
921 483 1069 564 peruenit
1088 478 1222 566 htsslss
1240 481 1326 544 Cae-

234 572 313 633 saris
333 570 374 632 ab
394 568 659 633 administratione
683 588 790 631 rernm
805 587 933 632 suarum
948 569 1089 648 itemque
1104 570 1323 630 communium

233 675 339 718 rernm
363 657 549 718 commercio
572 675 634 718 non
656 654 881 737 prohibentur:
908 649 987 718 adeo
1003 664 1034 716 et
1049 655 1196 734 stipulari
1211 652 1252 716 ab
1268 656 1323 716 his

234 752 266 804 et
280 761 382 805 emere
399 742 587 806 donatumue
601 743 743 822 accipere
760 760 938 822 possumus,
957 741 1019 804 nisi
1035 759 1106 802 cum
1123 741 1156 802 in
1171 739 1322 804 fraudem

196 826 215 887 7
233 829 384 910 portionis
400 828 542 890 Caesaris
562 828 627 890 fiat.
669 829 729 903 Qui
748 837 888 890 mutuam
911 828 1079 909 pecuniam
1094 835 1203 888 contra
1219 828 1322 888 inter·
1341 837 1357 883 5

234 913 351 976 dictum
383 913 591 995 dispepsatori
619 915 782 977 uicarione
810 914 877 976 eius
902 912 1078 975 crediderit
1101 908 1111 996 ΙΙ

280 1003 416 1062 perierunt
427 1001 482 1062 fere
494 1005 510 1054 2
521 1001 645 1050 uertenti
854 1028 859 1116 Ι
1070 1032 1103 1092 in
1117 1027 1321 1115 poenam!—

197 1119 460 1198 8—-enitur,
494 1120 569 1200 quia
591 1118 676 1200 qnod
700 1118 704 1195 l
727 1117 858 1181 credidit
881 1137 944 1180 non
966 1119 1083 1180 amisit.
1132 1118 1192 1193 Qut
1212 1125 1322 1178 contro

235 1204 370 1267 edictum
393 1205 461 1268 dini
475 1204 609 1285 Augusti
622 1223 689 1267 rem
705 1206 873 1284 litigiosam
889 1223 907 1265 a
922 1223 983 1265 non
994 1203 1175 1285 possidente
1191 1221 1322 1284 compa-

236 1292 328 1370 rauit,
345 1301 567 1371 praeterquam
583 1291 661 1372 qnod
676 1293 794 1371 emptio
808 1291 927 1353 nullius
943 1291 1094 1352 momenti
1106 1299 1164 1366 est,
1183 1307 1320 1370 poenam
1341 1302 1376 1347 ro

236 1379 465 1458 quinquaginta
492 1379 708 1439 sestertiorum
734 1377 807 1438 fisco
836 1387 1077 1456 repraesentare
1108 1376 1317 1456 compellitur.

235 1481 287 1524 res
310 1472 415 1532 autem
437 1464 572 1542 litigiosa
593 1463 739 1541 uidetur,
765 1462 805 1524 de
828 1482 892 1543 qua
913 1462 953 1524 lis
971 1461 1056 1543 apud
1072 1481 1168 1528 suum,
1181 1460 1319 1523 iudicem

236 1547 339 1610 delata
355 1558 413 1610 est.
446 1548 504 1610 sed
526 1549 584 1609 hoc
605 1550 638 1610 in
660 1548 909 1630 prouincialibus
932 1547 1039 1610 fundis
1060 1567 1157 1628 praua
1181 1565 1321 1628 usurpa·
1372 1587 1377 1594 -

199 1637 216 1694 9
235 1636 321 1696 tione
336 1637 483 1716 optinuit.
513 1633 672 1696 'absentes
689 1633 839 1715 fugitiuos
853 1653 973 1697 uenum
990 1634 1059 1696 dari
1074 1642 1128 1696 aut
1144 1635 1319 1714 comparari

235 1722 446 1801 amplissimus
468 1720 544 1782 ordo
566 1719 731 1801 prohibuit
752 1719 938 1783 denuntiata
960 1722 994 1782 in
1011 1728 1186 1801 emptorem
1201 1718 1319 1781 uendi·
1340 1733 1373 1778 aa

235 1816 398 1975 torem'que
413 1825 514 1887 poena
530 1808 749 1869 sestertiorum
764 1808 1011 1887 quinquaginta,
1037 1823 1118 1887 quac
1134 1805 1230 1867 hodie
1247 1805 1319 1866 fisco

235 1890 331 1978 uindil
352 1895 454 1976 atur.)

675 2047 827 2110 FOLIVM
848 2048 885 2108 ΙΙ

137 2168 174 2227 40
188 2165 221 2224 44
238 2166 376 2248 percepto
392 2167 545 2229 castrensi
561 2166 685 2248 peculio
700 2166 783 2228 bona
798 2186 854 2228 sua
870 2165 1012 2228 conierre
1027 2165 1205 2229 debebunt.
1242 2167 1321 2228 Gae-

213 2311 218 2320 ,
236 2270 306 2313 sare
322 2269 339 2313 a
354 2251 468 2316 liberto
483 2271 538 2314 suc
554 2271 596 2314 eae
611 2271 683 2314 asse
699 2253 817 2315 herede
833 2253 978 2314 instituto
991 2253 1058 2332 fitia
1074 2253 1143 2315 iure
1154 2253 1195 2315 ad
1207 2255 1320 2316 semis-
1338 2267 1373 2312 so

236 2356 301 2400 sem
315 2345 461 2400 uocatur:
481 2355 551 2400 cum
567 2340 728 2400 extraneis
743 2358 821 2401 uero
836 2339 980 2400 instituto
992 2338 1059 2400 filio
1070 2357 1109 2400 ex
1121 2340 1252 2402 semisse
1264 2359 1321 2401 ex-

236 2423 365 2500 traneis,
380 2441 443 2485 non
457 2425 550 2486 ctiam
558 2424 683 2486 Caesari
696 2424 862 2487 adcrescit.
881 2423 966 2504 quod
978 2426 1005 2486 si
1016 2425 1088 2506 plus
1100 2426 1234 2488 semisse
1243 2425 1321 2487 Cae-

180 2510 217 2571 42
236 2529 288 2572 sar
298 2510 430 2590 accepit,
445 2511 479 2572 in
491 2509 524 2572 id
536 2510 620 2591 quod
632 2511 705 2591 plus
717 2522 764 2573 est
775 2512 871 2573 etiam
879 2510 1004 2573 Caesari
1016 2509 1183 2574 adcrescit.
1209 2511 1319 2574 Liber-

236 2606 286 2658 tae
303 2595 446 2658 Caesaris
467 2605 531 2658 tam
549 2598 795 2659 manumissione
811 2616 906 2678 quam
921 2596 1076 2658 beneficio
1091 2599 1319 2662 coniunctionis

237 2683 365 2744 allectae
381 2683 408 2744 si
424 2691 557 2744 testatae
572 2681 742 2762 decedant,
768 2680 955 2762 dimidium,
977 2683 1003 2744 si
1020 2684 1203 2762 intestatae,
1224 2691 1318 2746 totum
1339 2695 1374 2742 aa

237 2769 309 2830 fisco
330 2768 522 2831 uindicatur.
570 2788 645 2831 sanc
668 2771 768 2849 patris
790 2779 821 2831 et
842 2770 966 2850 patroni
990 2770 1161 2850 ignorantis
1184 2771 1235 2832 ius
1256 2789 1317 2832 non

180 2854 216 2914 43
237 2855 400 2916 minuitur.
439 2853 561 2916 Ancilla
584 2855 727 2917 Caesaris
750 2874 831 2935 quae
854 2855 997 2935 quinque
1019 2854 1138 2918 liberos
1158 2855 1315 2931 habuerit,

236 2974 276 3034 in.
287 2970 340 3060 nun
519 2941 575 3003 tere
586 2945 604 2992 t
615 2943 739 2991 uersiculi
748 2945 883 3004 perierunt
898 3004 899 3008 Ἰ
1063 2972 1067 3060 p
1085 2974 1318 3056 mm!

238 3059 528 3138 Caes-ml
547 3081 654 3123 *orem
827 3060 829 3144 l
848 3084 888 3119 *s
905 3060 1033 3123 milibus
1054 3059 1318 3145 ε--Ι-

306 3263 365 3328 4Ε]
380 3285 411 3308 =
425 3266 533 3316 causat
570 3265 581 3328 41
618 3266 689 3330 esic]
702 3267 780 3316 *sior
794 3265 827 3316 0⁸
841 3267 877 3329 (tn
892 3266 1130 3330 cortinamque,
1148 3267 1320 3327 qoodimpri·

237 3351 358 3400 mcndnm
369 3353 476 3410 cornui,
497 3352 803 3413 cusncectditpnnctom
813 3352 966 3402 dolatorium
976 3351 1091 3414 snpror)
1140 3350 1151 3413 ll
1199 3351 1272 3414 nter]
1287 3369 1318 3393 =

238 3417 375 3470 hereditas
386 3419 400 3467 4
423 3418 434 3481 ΙΙ
460 3431 541 3481 supro
553 3432 569 3470 c
579 3422 608 3469 tn
620 3421 739 3470 caesaris
750 3423 879 3471 incertum
890 3422 989 3483 aliquid
1000 3422 1127 3482 scriptum
1138 3424 1189 3470 cst:
1203 3419 1321 3469 Horctlce

239 3489 623 3552 antecessarissopptctserui
634 3492 827 3550 provocamen
843 3491 897 3552 th.
912 3494 953 3548 2⁰,
969 3492 1000 3538 44
1038 3489 1050 3550 ΙΙ
1088 3488 1236 3552 tsipulari
1252 3489 1284 3540 0ι
1310 3483 1321 3554 ΙΙ

211 3615 212 3620 ¹
239 3555 360 3608 deradit
375 3555 406 3608 0²
443 3555 454 3618 11
493 3557 730 3620 tenpptemeotum
747 3557 822 3622 dupli
842 3559 1005 3612 conuenitur
1021 3559 1056 3608 ud
1073 3559 1197 3608 ambitum
1211 3559 1321 3608 tocnnnc

238 3638 289 3676 non
301 3626 413 3688 quadrat
447 3625 458 3688 ss
496 3622 509 3690 5
522 3628 536 3674 8
555 3627 583 3674 in
597 3625 617 3675 0
630 3625 871 3688 praeceditmortem
883 3641 899 3677 o
911 3629 1042 3689 scripturo
1055 3627 1128 3676 trodio
1139 3638 1251 3686 nocens,
1270 3627 1321 3676 nisi

238 3695 305 3756 qnod
319 3695 347 3744 in
363 3694 448 3756 tronto
462 3707 600 3746 emperiam
611 3694 697 3744 XXVI
712 3697 829 3747 emittet:
847 3709 922 3758 quon
932 3697 1052 3746 rubricae
1064 3696 1143 3746 44444444
1155 3697 1322 3757 campionem

239 3764 395 3814 destinatum
405 3763 486 3826 tuisse
497 3765 636 3814 uerisimile
648 3769 686 3814 est
714 3764 725 3827 41
756 3768 786 3814 to
805 3765 878 3829 quod
892 3764 980 3816 om.C
1007 3763 1018 3826 ll
1050 3766 1079 3813 44
1099 3761 1181 3827 §tiu
1196 3763 1320 3816 Comana

238 3834 369 3894 scripturn
385 3845 486 3883 nocuos
499 3835 686 3895 proemittitur,
705 3835 734 3882 io
752 3836 826 3883 cuins
842 3833 928 3896 tronto
940 3834 1034 3896 lopitur
1044 3845 1170 3883 nonum
1183 3831 1317 3896 [Xllvlllz

238 3900 271 3962 cf.
287 3902 357 3962 adp.
374 3903 477 3960 tow
516 3901 528 3966 44
566 3902 866 3965 conmanducatis*
902 3902 913 3965 41
951 3900 1107 3953 extraneic
1143 3901 1154 3964 ΙΙ
1192 3900 1320 3952 filiamex

238 3970 378 4020 semissem
398 3970 555 4022 extraneiC
583 3970 594 4034 ΙΙ
624 3975 654 4022 44
674 3970 764 4033 etiam]
779 3970 840 4022 etO
869 3971 879 4034 ΙΙ
915 3974 947 4020 et
967 3974 1022 4020 tam
1034 3967 1258 4022 manumissionis
1270 3969 1320 4019 be-

239 4036 336 4088 neficio
348 4052 430 4102 quom
443 4040 634 4090 coniunctione
647 4040 714 4090 scr'.:
728 4041 758 4090 cle
770 4042 947 4092 coniunctione
959 4039 992 4102 cs.
1007 4039 1066 4092 God.
1084 4039 1174 4090 Theod.
1188 4041 1213 4100 4,
1226 4043 1268 4102 tt,
1280 4044 1293 4088 t
1311 4035 1321 4103 ΙΙ

239 4109 272 4154 49
290 4121 322 4155 a*
334 4106 454 4170 milibus]
468 4123 501 4158 *x
514 4107 601 4158 milib.
618 4108 638 4158 0
644 4109 657 4158 4
