2926 4888
437 289 442 304 '
521 343 607 356 ...-
654 312 844 386 151÷
969 357 974 362 .
1052 315 1225 366 nostiam

100 495 110 552 l
225 495 326 557 Omne
340 497 422 557 enim
436 497 554 559 iustum
574 498 658 580 [cum
798 499 891 560 Omuc
913 501 961 561 ius
983 510 1038 564 out
1057 504 1147 566 ciuile
1169 524 1226 586 op-

138 581 221 661 iure]
239 591 295 642 aut
311 582 406 644 ciuile
417 584 594 663 appellatur
604 593 659 646 aut
706 585 843 665 pellatur
864 592 918 647 cut
939 590 1093 650 ucturcle.
1133 598 1226 652 uoui-

136 667 284 729 naturale
296 667 417 742 dicitur¹
431 667 493 749 luel
508 669 654 750 nationis]
709 671 777 732 rulc
788 671 900 733 dicitur
911 672 1001 734 ctiam
1012 675 1061 736 ius
1071 677 1223 757 pontium:

136 761 193 815 aut
222 754 341 834 gentile
371 755 499 816 iustum.
550 755 591 817 ab
620 775 656 817 eo
709 755 1010 833 circumiectum,
1030 761 1224 841 qrmdomuca

137 841 225 900 enim
241 841 421 902 nominatur
435 851 587 903 etomnes
599 861 657 903 na·
706 851 808 924 pouces
828 842 968 905 similiter
987 863 1019 906 eo
1042 855 1114 908 suut
1127 866 1221 910 usuc.-
1241 860 1256 905 a

78 971 82 975 -
137 927 242 986 tiones
256 926 405 987 similiter
420 945 456 987 eo
471 938 545 988 sunt
560 947 650 989 usae:
706 929 786 1010 quod
807 931 886 990 euim
906 928 1016 992 bouum
1041 941 1070 994 et
1093 951 1223 1014 acquum

136 1011 225 1091 quod
245 1012 332 1073 enim
354 1011 471 1074 bonum
491 1022 522 1075 et
538 1015 656 1076 iustum
707 1022 761 1091 ert,
784 1017 917 1076 omnium
930 1017 1056 1079 utilitati
1070 1021 1220 1082 conuenit.

137 1107 202 1175 est,
228 1099 367 1159 omnium
389 1098 517 1160 utilitati
539 1119 656 1161 conue-
707 1103 756 1162 ius
777 1102 865 1163 ciuile
886 1110 987 1164 cutem
1001 1106 1165 1185 proprium
1179 1114 1225 1167 cst

136 1184 197 1244 nit.
243 1185 298 1263 [se]
318 1183 402 1264 quod
415 1194 520 1247 autem
538 1187 656 1247 iustum
706 1188 820 1248 ciuium
832 1189 1045 1265 Romanorum,
1063 1189 1222 1253 obcodic-

136 1269 291 1350 ciuilelm]
325 1271 496 1350 proprium*
518 1280 565 1333 est
599 1271 652 1353 [et]
706 1280 780 1350 tum,
798 1273 877 1354 quod
887 1282 995 1336 uestro
1005 1276 1115 1339 ciuitas
1126 1296 1175 1339 eo.
1189 1323 1218 1338 ..
1241 1288 1271 1333 ιι

137 1375 339 1418 romanorum
357 1365 388 1417 et
403 1355 443 1418 ab
459 1358 505 1418 eis
521 1357 652 1437 dictum,
705 1361 813 1420 utitur.
861 1359 915 1421 sed
936 1361 1061 1440 quidum
1079 1363 1134 1424 loc
1158 1381 1223 1426 csse
1307 1393 1315 1406 ·

136 1443 286 1522 quoniam
301 1451 408 1504 nostra
422 1444 535 1506 ciuitas
551 1462 586 1504 ea
597 1464 656 1506 ue·
702 1446 903 1525 praedicunt,
927 1447 1005 1527 quod
1025 1447 1162 1511 omuibus
1177 1451 1222 1511 cl-

135 1530 230 1589 ritate
245 1529 354 1590 utitur.
387 1527 444 1589 sed
456 1528 585 1609 quidam
598 1530 656 1591 hoc
705 1531 795 1593 uibus
812 1532 1013 1611 peculiariter
1035 1542 1092 1596 out
1111 1537 1225 1597 maiori

136 1633 221 1691 esse,
236 1613 320 1694 quod
331 1633 441 1676 ornnes
452 1615 577 1677 ciuibus
589 1618 655 1678 suis
702 1619 791 1698 porti
809 1617 942 1698 cupedit.
976 1627 1049 1681 suut
1064 1623 1154 1682 etium
1169 1623 1223 1702 qui

135 1699 323 1780 praedicent
351 1709 406 1761 aut
435 1703 547 1762 maiori
573 1704 657 1782 parti
705 1703 901 1766 tradiderunt
935 1749 1057 1768 .....
1091 1707 1222 1787 plurimi
1240 1718 1271 1764 ιι

135 1785 278 1866 expedit.
317 1795 392 1847 sunt
421 1787 506 1848 enim
537 1789 591 1868 qui
623 1798 655 1850 et
706 1797 807 1851 cutem
824 1808 890 1851 com
904 1789 1103 1870 definitionem
1117 1794 1220 1854 uerio-

134 1871 339 1933 tradiderunt
354 1873 464 1952 quanti
482 1883 587 1935 temen
604 1875 655 1936 iu·
680 1893 770 1946 ,rem
795 1893 859 1937 csse
884 1875 1096 1954 tradiderunt,
1128 1897 1221 1960 wem

134 1959 241 2020 stitiae
275 1977 356 2019 esse.
410 1960 545 2039 plurime
574 1959 656 2022 hanc
704 1962 789 2023 iut'tio
804 1961 953 2023 discimus.

134 2055 240 2106 autem
259 2044 475 2106 definitionem
496 2047 653 2107 ueriorem

136 2149 207 2192 esse
234 2129 437 2192 tradiderunt
459 2149 541 2211 quae
563 2132 654 2193 initio
1236 2147 1268 2193 to

135 2216 287 2278 diximus.

96 2301 115 2361 2
223 2303 305 2390 luris
327 2302 430 2364 ciuilis
452 2312 487 2364 ut
508 2302 586 2383 quid
606 2304 825 2384 appositicium
842 2306 1035 2386 appellatur,
1062 2325 1102 2368 ex
1117 2306 1219 2387 pluri-

136 2388 198 2450 bus
217 2387 359 2468 partibus
382 2398 512 2450 constat.
554 2389 611 2452 sed
632 2391 869 2453 constitutiones
890 2393 1109 2473 imperatorias
1130 2394 1220 2454 simi-

135 2477 209 2536 liter
230 2473 459 2536 honorandum.
507 2475 592 2556 quod
614 2487 662 2537 est
683 2487 714 2538 et
736 2479 889 2556 praetoris
911 2477 1049 2540 edictum
1072 2479 1218 2540 similiter

135 2561 189 2624 uel
204 2560 411 2640 proconsulis.
450 2581 490 2623 ex
506 2579 541 2622 eo
558 2563 641 2622 enim
658 2574 887 2625 consenserunt
901 2563 1100 2644 prudentiam
1118 2573 1149 2626 et
1165 2583 1218 2626 re·
1235 2577 1269 2623 aa

1161 2693 1213 2708 ΝᾺ

209 2753 218 2796 ι
242 2761 305 2798 cum
318 2750 378 2799 iure
390 2754 414 2799 ct
427 2754 441 2799 t
454 2750 499 2800 uel
512 2751 629 2801 nationis
641 2753 734 2801 uuittit
750 2748 787 2800 V!
815 2751 826 2814 11
862 2753 876 2798 5
895 2752 1052 2801 nominatur
1064 2750 1099 2814 et]
1113 2767 1218 2817 asopu-

135 2813 187 2884 σθη
199 2833 244 2867 και
261 2815 299 2867 Vss
339 2818 351 2880 n
391 2818 524 2882 nationes]
538 2835 569 2869 τα
581 2815 644 2888 ιιι-ιη
662 2817 701 2870 VS
740 2819 751 2882 11
792 2819 1021 2884 θεοᾳιιοάιᾳᾳ.]
1040 2817 1217 2870 coutimur

134 2883 268 2936 πολῖτιιιον
280 2902 366 2954 sopior
379 2901 445 2936 εστιν
458 2904 578 2957 poparum
590 2904 635 2940 ιιαι
646 2904 696 2938 uuo
708 2904 804 2939 τουτων
817 2903 949 2955 ειρημινον
989 2888 1000 2950 ΙΙ
1047 2893 1075 2938 ιι
1098 2891 1219 2940 romanis

140 2956 178 3005 V²
212 2956 223 3018 u
263 2959 293 3003 ιι
313 2969 344 3006 es
356 2955 481 3019 ueritate]
495 2973 574 3024 ταυιη
586 2973 619 3024 ιη
632 2953 742 3024 alutem
759 2955 810 3007 Vssz
826 2971 858 3007 eo
871 2971 901 3007 re
912 2970 979 3007 uera
989 2961 1124 3020 proposuit
1137 2957 1217 3008 Bocc-

133 3025 198 3088 lu'np
244 3023 255 3086 ΙΙ
302 3027 333 3072 43
353 3025 401 3074 sed
413 3025 478 3088 aqu]
492 3023 541 3075 αλλ
553 3041 624 3092 mum
638 3023 708 3087 (ἔνιοι
720 3027 781 3087 scr.)
795 3041 871 3076 τουτο
884 3041 954 3082 essm.
969 3041 1090 3077 απαντεσ
1102 3023 1219 3077 πολιταισ

135 3091 211 3144 ιδιοισ
231 3089 310 3153 [ἰδίως
323 3093 449 3155 Huschke)
469 3091 633 3162 ripole-socom
649 3111 668 3162 η
686 3092 770 3162 prtem
785 3109 858 3160 μερει
871 3109 980 3164 συμφιρι
995 3093 1048 3145 VS:
1067 3095 1100 3158 cs.
1116 3095 1175 3159 Dip.
1192 3100 1217 3156 l,

136 3167 160 3222 t,
175 3166 202 3211 tl
220 3162 294 3226 quod
306 3161 434 3212 omnihus
445 3165 493 3212 aut
504 3162 630 3228 pluribus
643 3165 670 3214 in
683 3177 792 3228 quoque
803 3164 913 3213 ciuitate
925 3163 992 3214 utile
1004 3167 1058 3226 est,
1078 3167 1110 3214 ut
1121 3167 1162 3214 est
1175 3165 1218 3215 ius

133 3231 218 3281 ciuile
254 3230 265 3293 11
305 3234 335 3279 lt
355 3232 452 3281 maiori
463 3233 537 3297 paris
553 3227 585 3282 Vl
625 3233 637 3296 11
678 3237 709 3282 tt
729 3234 811 3282 sunl.
828 3269 834 3280 .
851 3268 857 3280 .
875 3232 987 3296 tilesso]
1007 3248 1068 3284 ctum
1079 3249 1127 3303 γαρ
1139 3249 1163 3284 οι
1173 3249 1219 3284 uua

133 3297 278 3366 παρεδοααν
290 3313 425 3350 nuceranae
436 3297 599 3370 διιαιοσυνησ
610 3317 672 3352 eum
690 3299 727 3351 l'g
761 3301 772 3364 ΙΙ
784 3309 788 3323 ’
808 3304 838 3349 li
857 3303 953 3365 quanti
964 3301 1065 3365 lamen]
1082 3315 1217 3353 summam

135 3370 172 3418 Μ.
192 3369 263 3432 Voipt
281 3368 325 3417 lus
342 3369 464 3419 naturale
483 3374 492 3417 ι
506 3383 534 3432 p.
550 3374 616 3432 625,
634 3375 664 3420 ut
681 3372 741 3420 olim
759 3370 875 3420 Graecam
891 3373 1020 3433 interpret
1037 3383 1173 3422 summam
1189 3375 1218 3422 iu

133 3435 263 3504 ποσότητα
274 3439 391 3496 uerterit,
411 3439 502 3488 Modo
512 3440 559 3488 lico
571 3439 662 3490 tutu
672 3452 721 3501 per
737 3441 916 3502 quantitatem
935 3441 1064 3491 redditum
1080 3443 1114 3490 rit
1131 3446 1155 3491 at
1171 3441 1219 3490 loc

133 3508 241 3556 ιιώιιιὼ
249 3518 299 3567 per
312 3505 442 3556 Graecum
452 3503 587 3558 ὑπόστασιν
617 3507 628 3571 ΙΙ
658 3511 689 3557 48
702 3507 821 3573 plurima
831 3508 901 3559 hano
912 3509 1013 3572 aulem]
1028 3505 1119 3560 πλιονιι
1129 3523 1218 3559 τουτον

134 3572 218 3626 iel'ss
258 3573 270 3637 l
309 3578 341 3623 tt
360 3577 479 3639 quaein.
493 3576 561 3639 din]
580 3591 808 3696 oeumrnopppu
820 3593 926 3658 etuapm
939 3575 977 3628 ΥΒ
1010 3578 1022 3641 l
1057 3581 1090 3626 tt
1107 3577 1217 3641 utquid

132 3639 746 3782 llltffilllll'ss‘illllillussl
771 3683 796 3778 ,ι’
810 3646 1219 3779 ttittnttllniitit

136 3783 199 3843 (·ris
211 3781 238 3838 s)
259 3777 369 3840 διαταξισ
381 3795 584 3850 αυτιιρατοριιιη
598 3783 647 3842 SP,
664 3783 755 3834 edicta
767 3784 940 3848 imperatoria
953 3779 1078 3842 διατιξιισ
1089 3797 1217 3850 αυτοιιρα-

131 3851 268 3916 τοριιιιιιγ
305 3849 316 3913 l
358 3852 389 3898 at
403 3850 594 3902 honorandum
606 3867 725 3920 τιμητιον
739 3851 790 3914 SP,
809 3853 1116 3917 honoranturupcrmos
1133 3852 1165 3901 V:
1189 3853 1218 3902 lu

131 3921 178 3969 loc
196 3920 277 3969 lutere
294 3919 338 3970 ius
355 3919 532 3970 honorarium
549 3921 615 3971 milit
634 3921 756 3972 Guicciua
795 3921 806 3982 l
846 3920 920 3984 quod
943 3922 992 3979 VP,
1012 3920 1079 3984 quid
1098 3916 1179 3970 ilios
1206 3914 1230 3984 ll·

132 3993 165 4038 tt
178 3989 224 4038 uel
241 3983 337 4045 VS¹P?‚
352 4003 397 4038 και
410 3986 444 4038 8⁸
484 3988 494 4051 ΙΙ
534 4003 567 4039 ex
584 4003 616 4040 aa
634 3992 708 4040 enim
727 3992 925 4040 consenserant
940 3988 1114 4054 prudentium
1132 3992 1159 4039 et
1176 4002 1218 4039 ro·

131 4061 242 4122 ceptum
260 4061 302 4105 est
317 4069 511 4122 responsorum
524 4061 551 4108 et
562 4061 718 4110 summatim
729 4058 850 4109 solemus
861 4058 929 4109 haec
942 4061 968 4108 et
979 4058 1072 4108 dicere
1084 4073 1115 4107 ιιι
1124 4073 1217 4110 τουτου

130 4142 179 4195 pro
191 4121 376 4186 συγκατεθεντο
386 4141 434 4193 την
446 4141 557 4195 :surptus
