2926 4888
1443 7 1455 314 l

281 306 507 385 mmmm
672 326 970 390 -66.-
1452 315 1455 492 p

242 517 260 576 5
278 517 384 595 gaoris
405 515 458 578 uel
479 513 613 576 fiduciae
634 515 717 577 finiri
738 532 801 576 non
817 523 930 594 potest.
971 515 1004 578 Si
1020 515 1104 576 inter
1124 513 1317 577 creditorem
1335 526 1366 578 ct

278 600 456 664 debitorem
476 601 671 679 conuenerit,
700 610 736 664 ut
758 599 904 662 fiduciam
926 600 988 662 sibi
1009 600 1153 664 uendere
1169 620 1234 662 non
1257 602 1360 679 liceat,

278 706 341 749 non
356 687 498 754 solueate
519 684 661 749 debitore
677 685 815 749 creditor
829 686 1017 749 denuntiare
1035 688 1064 748 ei
1083 687 1280 749 sollemniter
1294 697 1365 768 pot·
1454 719 1455 724 1

278 782 326 836 est
342 782 374 836 et
391 773 586 835 distrahere:
612 792 670 834 nec
686 775 771 835 enim
790 773 821 833 in
843 772 897 834 tali
914 774 1120 836 conuentione
1133 771 1269 835 fiduciae
1281 777 1362 835 actio
1454 811 1455 814 =

277 860 363 922 nasci
377 867 491 940 potest.
1146 887 1149 900 ν
1380 872 1393 918 6
1454 857 1455 866 ’

633 1027 679 1110 [nr
702 1047 774 1090 naor
796 1030 1003 1112 oonrssoan]

239 1151 258 1210 ti
363 1151 394 1212 Si
411 1148 548 1212 creditor
561 1167 629 1210 rem
645 1147 779 1210 fiduciae
798 1147 904 1210 datam
919 1149 975 1211 uni
991 1169 1030 1211 ex
1045 1148 1218 1220 heredibus
1234 1152 1288 1211 uel
1304 1171 1361 1212 ex-

276 1244 385 1298 traneo
399 1234 562 1316 legauerit,
580 1233 736 1310 aduersus
751 1253 860 1296 ornnes
876 1234 1011 1298 heredes
1026 1236 1106 1297 aetio
1121 1235 1257 1298 fiduciae
1274 1255 1361 1296 eorn-
1454 1315 1455 1320 ἵ

238 1319 258 1383 7
276 1323 366 1403 petit.
406 1321 439 1382 Si
461 1318 599 1382 creditor
619 1338 686 1381 rem
709 1319 904 1382 fiduciariam
925 1319 1035 1382 iecerit
1056 1321 1235 1398 meliorem,
1260 1321 1302 1382 ob
1324 1341 1359 1382 ea
1454 1367 1455 1370 6

275 1404 492 1488 recuperanda
511 1424 592 1486 quoe
612 1405 768 1486 impendit
783 1404 899 1467 iudicio
915 1405 1048 1468 fiduciae
1064 1406 1242 1468 debitorem
1260 1407 1361 1469 babe-
1379 1421 1406 1465 66
1454 1409 1455 1416 ’

237 1494 257 1554 8
275 1492 323 1554 bit
337 1491 519 1554 obnoxium.
558 1492 753 1553 Nouissimus
774 1491 912 1554 creditor
927 1493 1065 1573 priorem
1081 1491 1185 1554 oblata
1207 1497 1357 1573 pecunia,

276 1598 339 1660 quo
361 1578 516 1660 possessio
531 1579 565 1639 in
586 1596 658 1640 eum
674 1577 897 1656 transferatur,
923 1578 1084 1639 dimittere
1099 1587 1214 1659 potest.
1255 1579 1314 1640 sed
1330 1591 1361 1641 et
1454 1609 1455 1658 ς

274 1666 362 1746 prior
382 1663 521 1726 creditor
541 1662 717 1726 seeundum
740 1662 945 1740 creditorem,
971 1666 998 1726 si
1020 1665 1172 1742 uoluerit,
1197 1662 1359 1727 dimittere

275 1768 339 1813 non
354 1749 551 1832 prohibetur,
570 1767 761 1830 quamquam
777 1751 845 1830 ipse
860 1751 894 1811 in
909 1753 1040 1830 pignore
1056 1753 1158 1831 potior
1172 1751 1224 1811 sit.

237 1925 255 1984 9
361 1921 482 1984 Seruus
502 1923 529 1983 si
551 1930 691 1982 mutuam
716 1922 883 2001 pecuniam
910 1931 1051 2020 ternpore
1077 1923 1241 1983 seruitutis
1266 1942 1358 1984 accc·
1377 1935 1404 1981 66
1454 1915 1455 1956 ³

275 2008 402 2092 perit,
402 2026 442 2068 ex
463 2025 498 2068 ea
514 2005 705 2087 obligatione
721 2015 790 2087 post
813 2007 1091 2069 manumissionem
1106 2009 1271 2069 conueniri
1295 2028 1356 2069 non
1452 1987 1455 2090 Ῑ

274 2101 386 2174 potest.

680 2263 739 2342 [xiv
781 2282 818 2354 nr
842 2263 948 2344 rsvars]

239 2386 250 2445 l
360 2385 393 2447 Si
408 2391 534 2464 pactum
545 2382 666 2445 nudum
684 2383 723 2445 de
740 2382 936 2463 praestandis
947 2384 1053 2444 usuris
1065 2383 1285 2464 interpositum
1302 2387 1353 2464 sit,

274 2471 393 2533 nullius
409 2478 457 2531 est
478 2471 646 2530 momenti:
666 2489 703 2531 ex
718 2468 803 2531 nudo
826 2470 910 2531 enim
925 2477 1015 2549 pacto
1037 2472 1122 2531 inter
1141 2470 1229 2532 ciues
1244 2472 1357 2532 Roma·
1374 2485 1401 2528 66

237 2557 256 2619 2
275 2575 331 2618 nos
346 2555 427 2618 actio
437 2574 501 2617 non
515 2556 665 2616 nascitur.
690 2556 809 2617 Vsurae
823 2574 917 2635 supra
933 2555 1136 2617 centesimam
1152 2556 1272 2617 solutae
1288 2575 1356 2618 sor-

237 2643 338 2704 3tem
362 2643 526 2720 minuunt,
553 2649 738 2721 consumpta
759 2650 842 2702 sorte
866 2641 968 2721 repeti
988 2649 1129 2720 possunt.
1172 2643 1355 2703 Traiectieia

274 2729 409 2810 pecunia
432 2735 562 2808 propter
582 2726 758 2807 periculum
781 2725 961 2805 creditoris,
979 2725 1132 2806 quamdiu
1153 2729 1283 2809 nauigat
1299 2748 1355 2789 na-

238 2815 255 2875 i
275 2815 334 2893 uis,
354 2814 492 2875 infinitas
511 2831 625 2874 usuras
647 2814 789 2893 recipere
804 2821 918 2892 potest.
958 2813 1094 2892 Vsurae‚
1120 2831 1200 2892 qnae
1217 2816 1354 2876 centesi-

238 2901 257 2961 5
275 2919 357 2962 mam
373 2897 548 2976 excedunt,
565 2917 624 2980 per
638 2917 777 2960 errorem
791 2899 909 2960 solutae
932 2901 1033 2979 repeti
1049 2908 1191 2978 possunt.
1232 2901 1265 2961 Si
1282 2902 1353 2980 quis
1371 2913 1397 2958 66

274 2989 406 3068 pignora
433 2984 588 3047 debitoris
617 2985 695 3046 citra
723 2986 939 3047 auctoritatem
971 2983 1140 3046 iudicantis
1169 2983 1348 3064 abduxerit,

223 3069 258 3131 b·
273 3072 443 3134 uiolentiae
463 3073 584 3133 crimen
602 3069 751 3132 admittit.
789 3071 840 3132 *si
860 3079 946 3131 tutor
960 3072 1147 3132 constitutus
1168 3089 1247 3150 quos
1263 3074 1353 3133 inne-
1452 3089 1453 3108 ¹

273 3158 375 3219 *nerit
388 3155 547 3218 debitores
562 3175 624 3218 non
639 3158 826 3218 conuenerit
840 3175 875 3217 ac
890 3176 949 3237 per
964 3156 1021 3218 hoc
1042 3157 1146 3218 minus
1162 3155 1269 3218 idonei
1284 3157 1351 3219 eili-

273 3244 433 3320 *ciantur‚
465 3243 516 3304 uel
539 3244 622 3303 intra
643 3261 700 3303 sex
721 3243 840 3322 primos
862 3261 988 3304 menses
1008 3243 1182 3323 pupillares
1202 3244 1350 3324 pecunias

273 3330 355 3388 *non
380 3327 598 3404 collocauerit,
627 3330 696 3407 ipse
719 3330 752 3388 in
775 3326 914 3390 debitam
935 3329 1103 3409 pecuniam
1132 3338 1163 3389 ct
1185 3331 1218 3390 in
1239 3347 1348 3391 usuras
1366 3339 1396 3384 ao

237 3413 361 3476 ti*eius
384 3415 538 3493 pecuniae
562 3432 657 3493 qnam
679 3432 743 3476 non
765 3413 922 3475 fenerauit
945 3416 1163 3476 conuenitur*.
1202 3417 1346 3478 'latoria

273 3517 386 3562 usuras
401 3518 464 3560 non
480 3500 627 3560 conuenit
615 3506 677 3578 tur,
697 3502 722 3561 si
737 3501 904 3580 pecuniam
921 3499 1108 3580 pupillarem
1125 3499 1196 3562 ideo
1211 3521 1272 3563 non
1287 3501 1347 3561 col·
1449 3449 1452 3580 Ι

274 3668 325 3684 ΛΝ·
654 3669 771 3681 mamam«
950 3669 1061 3682 mmmm*
1070 3669 1276 3684 νωΝνωΜινυω,
1283 3673 1291 3683 a
1326 3671 1329 3679 =
1340 3671 1344 3678 6

344 3757 384 3816 66,
400 3755 546 3818 omma.
561 3757 604 3838 66,
619 3757 644 3816 6,
659 3759 689 3804 66

275 3889 951 3904 ΑΛἉΛΛΜΙΝῚΧΜΝΨΜᾺΛΛΑΛΜΜΛΙἋΛΙΜΝᾺΜΛ
952 3891 989 3904 Μ]
990 3891 1223 3906 VVWVNMMANWA
1226 3892 1317 3906 M‘WW

343 3995 407 4058 tia]
422 4009 455 4046 ex
470 3993 590 4046 0666666666
614 3995 624 4056 ΙΙ
648 3997 678 4041 to
693 4008 764 4058 quae
777 3995 927 4054 sichardus,
942 3995 1016 4059 quod
1029 3998 1126 4046 codices
1143 3997 1160 4077 1ΙΙ
1188 4002 1214 4047 66
1232 3998 1342 4062 priorem

272 4065 302 4123 L,
316 4077 365 4114 om.
381 4065 410 4115 Μ
437 4063 448 4127 ΙΙ
480 4063 763 4127 oblaiapeeuniaquo
779 4064 907 4125 0666666666,
920 4063 1037 4128 obligata
1050 4068 1167 4130 pecunia
1180 4081 1195 4118 a
1208 4067 1340 4131 quodett,

207 4175 209 4180 .
272 4101 418 4196 obligatam
430 4135 640 4197 pecuniamque
654 4132 702 4181 ML
727 4132 737 4194 {t
763 4136 793 4181 66
812 4147 844 4183 ex
856 4147 904 4194 opt
921 4133 982 4182 Mal,
