2926 4888
241 319 315 370 Paul.
329 319 362 379 V,
376 319 443 368 7-o
620 350 703 364 -—
752 316 810 380 118
854 349 940 364 ....

240 505 327 587 quod
341 506 369 568 si
383 507 536 587 scriptum
551 503 649 570 luerit
659 507 868 568 instrumento
882 504 1063 587 promisisse
1078 504 1228 584 aliquem,
1247 521 1336 584 per-

241 591 316 655 inde
340 592 489 672 habetur,
522 600 619 672 atquc
641 593 667 654 si
690 592 933 673 interrogatione
955 589 1167 672 praecedente
1190 608 1331 670 respon-

190 675 1329 760 Pmmffimmmmmfflmmmm

240 764 311 828 *res
331 783 414 845 quae
435 767 468 827 in
491 764 676 844 stipulatum
699 763 866 830 deducitur
886 763 1080 844 appellatur,
1105 781 1169 824 nou
1184 760 1329 824 infirmat

188 843 223 914 2¹³
240 849 491 932 *obligationem
510 851 537 914 si
553 850 632 912 alter
646 850 745 912 altero
761 849 859 912 uerbo
874 858 993 912 utatur.
1041 849 1091 928 Si,
1109 848 1166 928 qui
1180 848 1268 912 uiam
1283 847 1328 910 ad
1348 864 1367 908 s

240 933 395 999 *fundum
416 953 510 1000 suum
537 935 608 1000 dari
630 936 799 1017 stipulatus
820 935 934 1013 luerit,
959 942 1067 1017 postea
1088 932 1224 996 fundum
1246 953 1329 1014 par-

240 1020 364 1085 *temue
380 1022 449 1086 eius
464 1031 537 1084 autc
553 1023 753 1085 constitutam
767 1022 955 1084 seruitutem
969 1021 1167 1099 alicnauerit,
1185 1037 1328 1082 euanes-

203 1107 221 1167 3
240 1107 303 1170 *cit
316 1105 511 1190 stipulatio*
552 1108 754 1172 Fructuarius
772 1125 885 1170 seruus
907 1109 934 1170 si
956 1106 1035 1188 quid
1050 1126 1090 1169 ex
1105 1123 1140 1168 re
1156 1105 1326 1167 fructuarii

241 1202 296 1256 aut
311 1213 351 1256 ex
366 1195 471 1275 operis
486 1194 553 1256 suis
567 1193 723 1274 adquirit,
747 1193 788 1256 ad
803 1191 1009 1256 fructuarium
1028 1192 1178 1274 pertinet.
1226 1189 1327 1272 quid·

241 1279 321 1360 quid
342 1288 448 1342 autem
463 1277 591 1342 aliunde
608 1281 661 1342 uel
682 1299 722 1341 ex
738 1297 771 1342 re
792 1279 995 1360 proprietarii
1011 1278 1168 1360 adquirit,
1193 1274 1326 1338 domino
1346 1292 1382 1338 io

204 1366 221 1425 i
241 1366 445 1448 proprietatis
460 1363 612 1446 adquirit.
660 1366 740 1428 (ium
763 1364 843 1428 iacto
858 1366 1056 1446 promissoris
1071 1383 1121 1426 res
1137 1365 1171 1425 in
1186 1363 1341 1444 stipula-¹

241 1461 308 1514 tum
324 1449 461 1514 deducta
476 1450 647 1531 intercidit,
666 1450 801 1532 perinde
816 1452 866 1532 agi
883 1471 923 1513 ex
938 1451 1090 1532 stipulatu
1105 1458 1225 1530 potest,
1243 1467 1281 1510 ac
1296 1450 1324 1510 si

241 1557 279 1600 ea
294 1556 346 1600 res
361 1545 501 1600 extaret:
521 1535 656 1632 ideoque
670 1538 841 1618 promissor
856 1538 1072 1606 aestimatione
1091 1538 1160 1598 eius
1174 1535 1322 1616 punitur,

240 1625 375 1686 maxime
392 1624 418 1686 si
435 1625 467 1686 in
483 1621 590 1688 dolum
605 1641 731 1704 quoque
747 1625 816 1686 eius
831 1632 980 1705 concepta
995 1623 1091 1685 luerit
1106 1621 1282 1703 stipulatio.

584 1777 648 1858 [vlu
690 1797 728 1838 nn
750 1777 972 1857 uovauorrsvs]
1344 1792 1381 1837 rs

326 1899 392 1959 Nou
408 1897 508 1960 solum
523 1916 583 1978 per
603 1907 727 1960 nosmet
747 1898 831 1979 ipsos
845 1915 1000 1960 nouamus
1015 1895 1100 1976 quod
1114 1895 1205 1958 nobis
1221 1893 1327 1956 debe-

241 1992 308 2064 tur,
333 1981 390 2046 scd
410 1984 503 2045 etiam
518 2003 578 2064 per
594 2001 664 2063 eos,
690 2003 748 2065 per
763 2002 843 2065 quos
858 1983 1002 2063 stipulari
1025 2000 1208 2063 possumne,
1232 1982 1325 2043 uelut

240 2088 300 2150 per
327 2068 423 2130 liliam
445 2066 579 2132 familias
600 2070 654 2132 uel
674 2089 732 2151 per
753 2073 882 2132 seruum
903 2068 1042 2132 iubendo
1064 2068 1116 2130 uel
1138 2077 1243 2130 ratum
1264 2067 1324 2127 ha-

239 2153 355 2217 bendo.
401 2165 584 2236 procurator
599 2174 725 2237 quoque
741 2164 850 2218 noster
870 2175 911 2218 ex
925 2156 1014 2218 iussu
1028 2163 1135 2217 nostro
1157 2163 1323 2234 receptum
1449 2237 1451 2240 Ι

240 2250 289 2304 cst
302 2249 339 2303 ut
352 2259 470 2304 nouare
484 2242 593 2322 possit.
910 2278 912 2282 -
1342 2255 1379 2301 so

577 2397 617 2476 [rx
659 2414 697 2458 nn
720 2395 983 2474 srrrruarrounvs]

206 2514 216 2574 l
325 2513 522 2576 Substitutus
536 2514 630 2577 heres
649 2514 690 2577 ab
706 2515 858 2594 instituto,
877 2516 931 2595 qui
948 2513 1008 2576 sub
1023 2513 1205 2576 condicione
1221 2513 1325 2594 scrip-

134 2601 137 2610 '
239 2608 292 2661 tus
307 2609 371 2680 est,
395 2601 518 2667 utiliter
533 2600 594 2663 sibi
610 2602 790 2664 institutum
812 2601 870 2662 hac
887 2602 1086 2681 stipulatione
1108 2619 1222 2663 cauere
1238 2618 1325 2660 com-

240 2686 343 2767 pellit,
368 2705 408 2748 ne
424 2688 521 2768 petita
536 2687 690 2750 bonorum
705 2688 902 2769 possessione
919 2705 969 2749 res
993 2685 1202 2748 hereditarias
1218 2684 1322 2747 demi·
1450 2693 1452 2794 1

240 2780 333 2835 nuat:
359 2773 417 2834 hoo
432 2774 516 2836 enim
533 2793 607 2836 casu
623 2793 664 2835 ex
679 2772 731 2835 die
754 2773 957 2853 interpositae
973 2773 1186 2854 stipulationis
1207 2769 1320 2854 duplos
1339 2785 1379 2833 ss
1451 2795 1452 2810 ¹

240 2857 362 2922 fructus
384 2868 545 2940 praestare
569 2859 779 2941 compellitur.
826 2859 920 2921 huius
943 2860 1026 2922 enim
1047 2857 1280 2940 praeiudicium
1303 2875 1320 2916 a

240 2947 402 3025 superiore
425 2944 547 3024 differt,
572 2964 636 3027 quo
658 2945 839 3026 quaeritur,
871 2963 910 3006 an
935 2964 972 3006 ea
995 2963 1047 3007 res
1069 2943 1109 3006 de
1132 2963 1194 3024 qua
1216 2943 1322 3024 agitur

239 3031 339 3093 maior
352 3033 394 3093 sit
416 3041 543 3093 centum
558 3033 731 3094 sestertiis:
757 3029 892 3111 ideoque
907 3032 941 3092 in
956 3031 1127 3112 longiorem
1143 3028 1229 3091 diem
1246 3047 1323 3090 oon-

201 3116 221 3177 2
239 3116 366 3196 cipitur.
413 3117 460 3178 Ex
481 3117 534 3179 die
555 3119 677 3198 accepti
698 3115 807 3179 iudicii
830 3115 921 3199 dupli
943 3117 1063 3179 fructus
1085 3123 1317 3196 computantur.

240 3210 272 3263 et
299 3210 363 3262 tam
391 3201 503 3264 dantes
530 3222 626 3284 quam
648 3203 855 3283 accipientes,
887 3203 1020 3266 heredes
1047 3220 1171 3282 quoque
1196 3219 1318 3278 eorum,
1339 3214 1377 3262 oo

134 3305 136 3310 ·
238 3297 456 3367 procuratores
484 3289 743 3369 cognitorumque
776 3307 946 3370 personae,
982 3289 1123 3370 itemque
1151 3305 1320 3368 sponsores

240 3371 350 3434 eadem
370 3373 572 3454 stipulatione
594 3373 922 3455 comprehenduntur:
948 3392 1214 3456 eorumquoque,
1241 3392 1321 3453 quo·

240 3491 291 3506 ww

308 3548 333 3608 r,
349 3549 385 3595 aa
401 3541 476 3596 aba
490 3544 550 3609 nep.
564 3547 607 3606 tt,
621 3549 646 3606 r,
663 3549 710 3594 roc

1271 3649 1323 3664 ΑΛΛΙ

310 3720 320 3764 4
342 3715 455 3781 perinde
468 3717 541 3778 dett,
555 3715 669 3780 proinde
683 3717 713 3777 L,
727 3720 774 3768 aut
786 3717 892 3768 indoli
917 3714 930 3779 ll
958 3716 1149 3782 indquiretl
1178 3715 1190 3780 ΙΙ
1221 3721 1252 3767 lt
1272 3718 1324 3768 ad·

239 3785 406 3849 quiritdott.,
421 3783 546 3849 adquiret
559 3785 607 3836 ML
636 3785 647 3848 ll
684 3788 711 3836 44
728 3786 853 3850 adquiret
865 3785 928 3836 liti.
962 3785 973 3848 ll
1010 3787 1041 3834 44
1054 3787 1185 3850 concepta
1199 3787 1229 3847 L,
1244 3791 1322 3850 gratu

240 3853 270 3904 ll
302 3853 313 3916 ΙΙ
349 3857 379 3904 it
400 3855 587 3914 noueredett.,
603 3855 697 3905 nouari
711 3856 760 3908 tlt
795 3854 806 3918 11
841 3859 870 3904 st
888 3853 922 3905 dc
934 3856 996 3920 stip.
1011 3856 1153 3920 praetoriis
1167 3854 1290 3906 Cuiceios
1312 3851 1322 3921 ΙΙ

239 3925 271 3972 18
291 3923 443 3989 concipitur
464 3922 600 3984 Coiocios,
626 3924 746 3989 concipit
763 3924 805 3984 44,
831 3925 957 3988 concepit
975 3924 994 3973 L
1041 3923 1051 3986 ΙΙ
1099 3927 1130 3973 4ο
1149 3922 1246 3976 dantes
1267 3960 1318 3975 ...

240 3993 271 4039 ti
285 3992 410 4056 quorum]
425 3992 514 4043 dantis
527 4005 608 4056 quam
620 3993 779 4058 accipientis
793 3993 963 4057 (accipientis
973 3992 1035 4056 Μ)
1051 3992 1174 4054 heredes,
1187 4006 1324 4057 procura·

239 4061 329 4110 torum
347 4074 455 4126 quoque
473 4074 568 4112 eorum
587 4073 665 4126 cogn.
681 4074 752 4127 pers.
768 4061 863 4112 eadem
881 4061 943 4125 stip.
963 4073 1079 4127 compr„
1099 4062 1218 4126 itemque
1236 4075 1325 4128 spon·

238 4139 315 4180 sores
326 4142 431 4192 eorum,
445 4143 562 4194 quorum
574 4143 626 4181 sor.
1362 4137 1370 4154 '
