<?xml version="1.0" encoding="UTF-8"?>
<!DOCTYPE html PUBLIC "-//W3C//DTD XHTML 1.0 Transitional//EN"
    "http://www.w3.org/TR/xhtml1/DTD/xhtml1-transitional.dtd">
<html xmlns="http://www.w3.org/1999/xhtml" xml:lang="en" lang="en">
 <head>
  <title>
</title>
<meta http-equiv="Content-Type" content="text/html;charset=utf-8" />
  <meta name='ocr-system' content='tesseract 3.04.00' />
  <meta name='ocr-capabilities' content='ocr_page ocr_carea ocr_par ocr_line ocrx_word'/>
</head>
<body>
  <div class='ocr_page' id='page_1' title='image "./vlpianilibersin00kruegoog_0025.png"; bbox 0 0 2922 4898; ppageno 0'>
   <div class='ocr_carea' id='block_1_1' title="bbox 508 261 1191 327">
    <p class='ocr_par' dir='ltr' id='par_1_1' title="bbox 508 261 1191 327">
     <span class='ocr_line' id='line_1_1' title="bbox 508 261 1191 327; baseline 0.006 -21"><span class='ocrx_word' id='word_1_1' title='bbox 508 267 595 306; x_wconf 55' lang='lat'><strong>...2</strong></span> <span class='ocrx_word' id='word_1_2' title='bbox 638 261 659 322; x_wconf 83' lang='lat'>9</span> <span class='ocrx_word' id='word_1_3' title='bbox 702 295 787 306; x_wconf 86' lang='lat'><strong>...</strong></span> <span class='ocrx_word' id='word_1_4' title='bbox 1061 261 1119 327; x_wconf 82' lang='lat' dir='ltr'><strong>le.</strong></span> <span class='ocrx_word' id='word_1_5' title='bbox 1137 265 1160 312; x_wconf 87' lang='grc'><strong>4.</strong></span> <span class='ocrx_word' id='word_1_6' title='bbox 1178 265 1191 310; x_wconf 76' lang='lat'>3</span> 
     </span>
    </p>
   </div>
   <div class='ocr_carea' id='block_1_2' title="bbox 104 449 1190 616">
    <p class='ocr_par' dir='ltr' id='par_1_2' title="bbox 104 449 1190 616">
     <span class='ocr_line' id='line_1_2' title="bbox 104 449 1190 530; baseline 0.004 -22"><span class='ocrx_word' id='word_1_7' title='bbox 104 458 166 509; x_wconf 77' lang='grc'><strong>444444</strong></span> <span class='ocrx_word' id='word_1_8' title='bbox 183 457 372 509; x_wconf 89' lang='lat' dir='ltr'><strong>testamento</strong></span> <span class='ocrx_word' id='word_1_9' title='bbox 387 467 482 528; x_wconf 90' lang='lat' dir='ltr'><strong>quam</strong></span> <span class='ocrx_word' id='word_1_10' title='bbox 499 449 652 510; x_wconf 78' lang='lat' dir='ltr'><strong>codicillis</strong></span> <span class='ocrx_word' id='word_1_11' title='bbox 667 457 856 512; x_wconf 86' lang='lat' dir='ltr'><strong>testamento</strong></span> <span class='ocrx_word' id='word_1_12' title='bbox 872 449 1063 512; x_wconf 85' lang='lat' dir='ltr'><strong>confirmatis</strong></span> <span class='ocrx_word' id='word_1_13' title='bbox 1077 461 1190 530; x_wconf 86' lang='lat' dir='ltr'><strong>potest,</strong></span> 
     </span>
     <span class='ocr_line' id='line_1_3' title="bbox 104 533 976 616; baseline 0 -20"><span class='ocrx_word' id='word_1_14' title='bbox 104 543 140 596; x_wconf 84' lang='lat' dir='ltr'><strong>ut</strong></span> <span class='ocrx_word' id='word_1_15' title='bbox 156 542 265 596; x_wconf 87' lang='lat' dir='ltr'><strong>tamen</strong></span> <span class='ocrx_word' id='word_1_16' title='bbox 282 533 393 596; x_wconf 90' lang='lat' dir='ltr'><strong>eo&#39;dem</strong></span> <span class='ocrx_word' id='word_1_17' title='bbox 409 534 500 596; x_wconf 89' lang='lat' dir='ltr'><strong>modo</strong></span> <span class='ocrx_word' id='word_1_18' title='bbox 517 534 685 615; x_wconf 85' lang='lat' dir='ltr'><strong>adimatur,</strong></span> <span class='ocrx_word' id='word_1_19' title='bbox 705 554 767 616; x_wconf 93' lang='lat' dir='ltr'><strong>quo</strong></span> <span class='ocrx_word' id='word_1_20' title='bbox 782 545 813 596; x_wconf 89' lang='lat' dir='ltr'><strong>et</strong></span> <span class='ocrx_word' id='word_1_21' title='bbox 829 534 902 596; x_wconf 88' lang='lat' dir='ltr'><strong>data</strong></span> <span class='ocrx_word' id='word_1_22' title='bbox 918 543 976 596; x_wconf 87' lang='lat' dir='ltr'><strong>cst.</strong></span> 
     </span>
    </p>
   </div>
   <div class='ocr_carea' id='block_1_3' title="bbox 517 759 787 837">
    <p class='ocr_par' dir='ltr' id='par_1_3' title="bbox 517 759 787 837">
     <span class='ocr_line' id='line_1_4' title="bbox 517 759 787 837; baseline 0.011 -20"><span class='ocrx_word' id='word_1_23' title='bbox 517 760 561 837; x_wconf 86' lang='lat' dir='ltr'><strong>[ur</strong></span> <span class='ocrx_word' id='word_1_24' title='bbox 602 777 640 818; x_wconf 81' lang='lat' dir='ltr'><strong>no</strong></span> <span class='ocrx_word' id='word_1_25' title='bbox 662 759 787 837; x_wconf 77' lang='lat' dir='ltr'><strong>rnrrnrs]</strong></span> 
     </span>
    </p>
   </div>
   <div class='ocr_carea' id='block_1_4' title="bbox 7 893 1243 3126">
    <p class='ocr_par' dir='ltr' id='par_1_4' title="bbox 65 893 1226 1147">
     <span class='ocr_line' id='line_1_5' title="bbox 65 893 1193 974; baseline 0.001 -18"><span class='ocrx_word' id='word_1_26' title='bbox 65 899 77 956; x_wconf 84' lang='lat' dir='ltr'><strong>l</strong></span> <span class='ocrx_word' id='word_1_27' title='bbox 193 895 297 955; x_wconf 82' lang='lat' dir='ltr'><strong>Latini</strong></span> <span class='ocrx_word' id='word_1_28' title='bbox 317 895 367 955; x_wconf 89' lang='lat' dir='ltr'><strong>ius</strong></span> <span class='ocrx_word' id='word_1_29' title='bbox 383 895 553 966; x_wconf 84' lang='lat' dir='ltr'><strong>Quiritium</strong></span> <span class='ocrx_word' id='word_1_30' title='bbox 576 905 813 974; x_wconf 89' lang='lat' dir='ltr'><strong>consequuntur</strong></span> <span class='ocrx_word' id='word_1_31' title='bbox 828 896 878 956; x_wconf 92' lang='lat' dir='ltr'><strong>his</strong></span> <span class='ocrx_word' id='word_1_32' title='bbox 894 893 1012 957; x_wconf 92' lang='lat' dir='ltr'><strong>modis:</strong></span> <span class='ocrx_word' id='word_1_33' title='bbox 1041 894 1193 957; x_wconf 89' lang='lat' dir='ltr'><strong>beneficio</strong></span> 
     </span>
     <span class='ocr_line' id='line_1_6' title="bbox 104 979 1226 1062; baseline 0.003 -22"><span class='ocrx_word' id='word_1_34' title='bbox 104 980 294 1060; x_wconf 89' lang='lat' dir='ltr'><strong>principali,</strong></span> <span class='ocrx_word' id='word_1_35' title='bbox 322 979 450 1060; x_wconf 82' lang='lat' dir='ltr'><strong>liberis,</strong></span> <span class='ocrx_word' id='word_1_36' title='bbox 476 981 661 1059; x_wconf 78' lang='lat' dir='ltr'><strong>iteratione,</strong></span> <span class='ocrx_word' id='word_1_37' title='bbox 687 981 817 1059; x_wconf 89' lang='lat' dir='ltr'><strong>militia,</strong></span> <span class='ocrx_word' id='word_1_38' title='bbox 841 1000 941 1053; x_wconf 88' lang='lat' dir='ltr'><strong>naue,</strong></span> <span class='ocrx_word' id='word_1_39' title='bbox 967 980 1124 1059; x_wconf 82' lang='lat' dir='ltr'><strong>aedificio,</strong></span> <span class='ocrx_word' id='word_1_40' title='bbox 1142 983 1226 1062; x_wconf 75' lang='grc' dir='ltr'><strong>ρι’-4</strong></span> 
     </span>
     <span class='ocr_line' id='line_1_7' title="bbox 105 1067 1194 1147; baseline 0 -19"><span class='ocrx_word' id='word_1_41' title='bbox 105 1067 223 1128; x_wconf 77' lang='lat' dir='ltr'><strong>atrine:</strong></span> <span class='ocrx_word' id='word_1_42' title='bbox 253 1075 421 1146; x_wconf 88' lang='lat' dir='ltr'><strong>praeterea</strong></span> <span class='ocrx_word' id='word_1_43' title='bbox 447 1085 492 1128; x_wconf 78' lang='lat' dir='ltr'><strong>eoe</strong></span> <span class='ocrx_word' id='word_1_44' title='bbox 519 1075 647 1128; x_wconf 86' lang='lat' dir='ltr'><strong>senatus</strong></span> <span class='ocrx_word' id='word_1_45' title='bbox 675 1068 815 1129; x_wconf 91' lang='lat' dir='ltr'><strong>consulto</strong></span> <span class='ocrx_word' id='word_1_46' title='bbox 836 1068 950 1146; x_wconf 70' lang='lat' dir='ltr'><strong>luulgo</strong></span> <span class='ocrx_word' id='word_1_47' title='bbox 979 1085 1061 1147; x_wconf 86' lang='lat' dir='ltr'><strong>quae</strong></span> <span class='ocrx_word' id='word_1_48' title='bbox 1084 1069 1125 1128; x_wconf 90' lang='lat' dir='ltr'><strong>sit</strong></span> <span class='ocrx_word' id='word_1_49' title='bbox 1145 1077 1194 1129; x_wconf 91' lang='lat' dir='ltr'><strong>ter</strong></span> 
     </span>
    </p>

    <p class='ocr_par' dir='ltr' id='par_1_5' title="bbox 7 1151 1194 1233">
     <span class='ocr_line' id='line_1_8' title="bbox 7 1151 1194 1233; baseline -0.001 -18"><span class='ocrx_word' id='word_1_50' title='bbox 7 1177 8 1198; x_wconf 46' lang='grc'><strong>4</strong></span> <span class='ocrx_word' id='word_1_51' title='bbox 66 1153 214 1215; x_wconf 70' lang='lat' dir='ltr'><strong>Renixa.</strong></span> <span class='ocrx_word' id='word_1_52' title='bbox 252 1151 409 1213; x_wconf 84' lang='lat' dir='ltr'><strong>Beneficio</strong></span> <span class='ocrx_word' id='word_1_53' title='bbox 430 1153 598 1233; x_wconf 89' lang='lat' dir='ltr'><strong>principali</strong></span> <span class='ocrx_word' id='word_1_54' title='bbox 621 1153 750 1214; x_wconf 89' lang='lat' dir='ltr'><strong>Latinus</strong></span> <span class='ocrx_word' id='word_1_55' title='bbox 773 1154 933 1214; x_wconf 87' lang='lat' dir='ltr'><strong>ciuitatem</strong></span> <span class='ocrx_word' id='word_1_56' title='bbox 949 1155 1119 1214; x_wconf 80' lang='lat' dir='ltr'>Romanam</span> <span class='ocrx_word' id='word_1_57' title='bbox 1141 1171 1194 1214; x_wconf 87' lang='lat' dir='ltr'><strong>ac-</strong></span> 
     </span>
    </p>

    <p class='ocr_par' dir='ltr' id='par_1_6' title="bbox 65 1233 1203 1320">
     <span class='ocr_line' id='line_1_9' title="bbox 65 1233 1203 1320; baseline 0.001 -21"><span class='ocrx_word' id='word_1_58' title='bbox 65 1241 82 1299; x_wconf 85' lang='lat'><strong>3</strong></span> <span class='ocrx_word' id='word_1_59' title='bbox 105 1239 200 1318; x_wconf 85' lang='lat' dir='ltr'><strong>cipit,</strong></span> <span class='ocrx_word' id='word_1_60' title='bbox 229 1239 256 1298; x_wconf 92' lang='lat' dir='ltr'><strong>si</strong></span> <span class='ocrx_word' id='word_1_61' title='bbox 279 1238 319 1298; x_wconf 88' lang='lat' dir='ltr'><strong>ah</strong></span> <span class='ocrx_word' id='word_1_62' title='bbox 342 1239 529 1319; x_wconf 78' lang='lat' dir='ltr'><strong>imperatore</strong></span> <span class='ocrx_word' id='word_1_63' title='bbox 549 1241 600 1300; x_wconf 88' lang='lat' dir='ltr'><strong>ius</strong></span> <span class='ocrx_word' id='word_1_64' title='bbox 616 1239 787 1311; x_wconf 88' lang='lat' dir='ltr'><strong>Quiritium</strong></span> <span class='ocrx_word' id='word_1_65' title='bbox 803 1239 1032 1320; x_wconf 90' lang='lat' dir='ltr'><strong>impetrauerit.</strong></span> <span class='ocrx_word' id='word_1_66' title='bbox 1071 1233 1203 1310; x_wconf 86' lang='lat' dir='ltr'><strong>Liberis</strong></span> 
     </span>
    </p>

    <p class='ocr_par' dir='ltr' id='par_1_7' title="bbox 7 1317 1193 1406">
     <span class='ocr_line' id='line_1_10' title="bbox 7 1317 1193 1406; baseline 0.002 -22"><span class='ocrx_word' id='word_1_67' title='bbox 7 1317 8 1392; x_wconf 65' lang='lat' dir='ltr'>s</span> <span class='ocrx_word' id='word_1_68' title='bbox 104 1327 156 1385; x_wconf 89' lang='lat' dir='ltr'><strong>ius</strong></span> <span class='ocrx_word' id='word_1_69' title='bbox 174 1325 346 1396; x_wconf 89' lang='lat' dir='ltr'><strong>Quiritium</strong></span> <span class='ocrx_word' id='word_1_70' title='bbox 362 1325 568 1404; x_wconf 89' lang='lat' dir='ltr'><strong>consequitur</strong></span> <span class='ocrx_word' id='word_1_71' title='bbox 581 1326 727 1403; x_wconf 86' lang='lat' dir='ltr'><strong>Latinus,</strong></span> <span class='ocrx_word' id='word_1_72' title='bbox 752 1327 807 1405; x_wconf 93' lang='lat' dir='ltr'><strong>qui</strong></span> <span class='ocrx_word' id='word_1_73' title='bbox 830 1327 933 1386; x_wconf 89' lang='lat' dir='ltr'><strong>minor·</strong></span> <span class='ocrx_word' id='word_1_74' title='bbox 947 1327 1079 1406; x_wconf 83' lang='lat' dir='ltr'><strong>triginta</strong></span> <span class='ocrx_word' id='word_1_75' title='bbox 1094 1343 1193 1387; x_wconf 90' lang='lat' dir='ltr'><strong>anno-</strong></span> 
     </span>
    </p>

    <p class='ocr_par' dir='ltr' id='par_1_8' title="bbox 7 1407 1243 1491">
     <span class='ocr_line' id='line_1_11' title="bbox 7 1407 1243 1491; baseline 0.001 -20"><span class='ocrx_word' id='word_1_76' title='bbox 7 1407 8 1426; x_wconf 18' lang='lat'>}</span> <span class='ocrx_word' id='word_1_77' title='bbox 105 1429 179 1471; x_wconf 89' lang='lat' dir='ltr'><strong>rum</strong></span> <span class='ocrx_word' id='word_1_78' title='bbox 202 1411 459 1472; x_wconf 83' lang='lat' dir='ltr'><strong>manumissionis</strong></span> <span class='ocrx_word' id='word_1_79' title='bbox 480 1421 620 1491; x_wconf 90' lang='lat' dir='ltr'><strong>ternpore</strong></span> <span class='ocrx_word' id='word_1_80' title='bbox 641 1409 711 1472; x_wconf 81' lang='lat' dir='ltr'><strong>fuit.</strong></span> <span class='ocrx_word' id='word_1_81' title='bbox 755 1429 828 1488; x_wconf 81' lang='lat' dir='ltr'><strong>nam</strong></span> <span class='ocrx_word' id='word_1_82' title='bbox 854 1412 923 1491; x_wconf 77' lang='lat' dir='ltr'><strong>lege</strong></span> <span class='ocrx_word' id='word_1_83' title='bbox 950 1413 1038 1473; x_wconf 90' lang='lat' dir='ltr'><strong>lunia</strong></span> <span class='ocrx_word' id='word_1_84' title='bbox 1066 1419 1191 1472; x_wconf 87' lang='lat' dir='ltr'><strong>cautum</strong></span> <span class='ocrx_word' id='word_1_85' title='bbox 1212 1427 1243 1472; x_wconf 84' lang='grc'><strong>44</strong></span> 
     </span>
    </p>

    <p class='ocr_par' dir='ltr' id='par_1_9' title="bbox 106 1494 1193 1576">
     <span class='ocr_line' id='line_1_12' title="bbox 106 1494 1193 1576; baseline 0 -18"><span class='ocrx_word' id='word_1_86' title='bbox 106 1505 170 1574; x_wconf 85' lang='lat' dir='ltr'><strong>est,</strong></span> <span class='ocrx_word' id='word_1_87' title='bbox 197 1505 233 1557; x_wconf 90' lang='lat' dir='ltr'><strong>ut</strong></span> <span class='ocrx_word' id='word_1_88' title='bbox 256 1497 282 1558; x_wconf 93' lang='lat' dir='ltr'><strong>si</strong></span> <span class='ocrx_word' id='word_1_89' title='bbox 302 1497 404 1558; x_wconf 86' lang='lat' dir='ltr'><strong>ciuem</strong></span> <span class='ocrx_word' id='word_1_90' title='bbox 419 1497 588 1558; x_wconf 87' lang='lat' dir='ltr'><strong>Romanam</strong></span> <span class='ocrx_word' id='word_1_91' title='bbox 603 1497 656 1558; x_wconf 89' lang='lat' dir='ltr'><strong>uel</strong></span> <span class='ocrx_word' id='word_1_92' title='bbox 672 1499 812 1559; x_wconf 87' lang='lat' dir='ltr'><strong>Latinam</strong></span> <span class='ocrx_word' id='word_1_93' title='bbox 828 1517 958 1559; x_wconf 86' lang='lat' dir='ltr'><strong>uxorem</strong></span> <span class='ocrx_word' id='word_1_94' title='bbox 974 1497 1117 1576; x_wconf 83' lang='lat' dir='ltr'><strong>duxerit,</strong></span> <span class='ocrx_word' id='word_1_95' title='bbox 1143 1494 1193 1558; x_wconf 86' lang='lat' dir='ltr'><strong>te-</strong></span> 
     </span>
    </p>

    <p class='ocr_par' dir='ltr' id='par_1_10' title="bbox 7 1581 1193 1663">
     <span class='ocr_line' id='line_1_13' title="bbox 7 1581 1193 1663; baseline 0 -19"><span class='ocrx_word' id='word_1_96' title='bbox 7 1633 8 1644; x_wconf 70' lang='grc'>,</span> <span class='ocrx_word' id='word_1_97' title='bbox 105 1584 242 1644; x_wconf 85' lang='lat' dir='ltr'><strong>statione</strong></span> <span class='ocrx_word' id='word_1_98' title='bbox 272 1584 473 1662; x_wconf 85' lang='lat' dir='ltr'><strong>interposita,</strong></span> <span class='ocrx_word' id='word_1_99' title='bbox 506 1581 592 1662; x_wconf 91' lang='lat' dir='ltr'><strong>quod</strong></span> <span class='ocrx_word' id='word_1_100' title='bbox 620 1582 793 1644; x_wconf 88' lang='lat' dir='ltr'><strong>liberorum</strong></span> <span class='ocrx_word' id='word_1_101' title='bbox 819 1583 1072 1663; x_wconf 90' lang='lat' dir='ltr'><strong>quaerendorum</strong></span> <span class='ocrx_word' id='word_1_102' title='bbox 1099 1601 1193 1645; x_wconf 90' lang='lat' dir='ltr'><strong>causa</strong></span> 
     </span>
    </p>

    <p class='ocr_par' dir='ltr' id='par_1_11' title="bbox 7 1667 1191 1747">
     <span class='ocr_line' id='line_1_14' title="bbox 7 1667 1191 1747; baseline 0 -17"><span class='ocrx_word' id='word_1_103' title='bbox 7 1675 8 1702; x_wconf 83' lang='lat'>³</span> <span class='ocrx_word' id='word_1_104' title='bbox 105 1687 239 1730; x_wconf 81' lang='lat' dir='ltr'><strong>uxorem</strong></span> <span class='ocrx_word' id='word_1_105' title='bbox 262 1667 405 1747; x_wconf 80' lang='lat' dir='ltr'><strong>duxerit,</strong></span> <span class='ocrx_word' id='word_1_106' title='bbox 425 1678 539 1747; x_wconf 86' lang='lat' dir='ltr'><strong>postea</strong></span> <span class='ocrx_word' id='word_1_107' title='bbox 559 1669 622 1730; x_wconf 87' lang='lat' dir='ltr'><strong>filio</strong></span> <span class='ocrx_word' id='word_1_108' title='bbox 646 1670 751 1730; x_wconf 88' lang='lat' dir='ltr'><strong>filiaue</strong></span> <span class='ocrx_word' id='word_1_109' title='bbox 774 1678 847 1731; x_wconf 87' lang='lat' dir='ltr'><strong>nato</strong></span> <span class='ocrx_word' id='word_1_110' title='bbox 868 1677 982 1731; x_wconf 86' lang='lat' dir='ltr'><strong>natoue</strong></span> <span class='ocrx_word' id='word_1_111' title='bbox 999 1677 1031 1730; x_wconf 93' lang='lat' dir='ltr'><strong>et</strong></span> <span class='ocrx_word' id='word_1_112' title='bbox 1045 1671 1191 1731; x_wconf 76' lang='lat' dir='ltr'><strong>anniculo</strong></span> 
     </span>
    </p>

    <p class='ocr_par' dir='ltr' id='par_1_12' title="bbox 105 1753 1192 1836">
     <span class='ocr_line' id='line_1_15' title="bbox 105 1753 1192 1836; baseline 0.001 -21"><span class='ocrx_word' id='word_1_113' title='bbox 105 1753 186 1816; x_wconf 82' lang='lat' dir='ltr'><strong>lacto</strong></span> <span class='ocrx_word' id='word_1_114' title='bbox 202 1756 302 1835; x_wconf 91' lang='lat' dir='ltr'><strong>possit</strong></span> <span class='ocrx_word' id='word_1_115' title='bbox 317 1754 402 1834; x_wconf 93' lang='lat' dir='ltr'><strong>apud</strong></span> <span class='ocrx_word' id='word_1_116' title='bbox 416 1764 594 1835; x_wconf 86' lang='lat' dir='ltr'><strong>praetorem</strong></span> <span class='ocrx_word' id='word_1_117' title='bbox 610 1757 662 1816; x_wconf 93' lang='lat' dir='ltr'><strong>uel</strong></span> <span class='ocrx_word' id='word_1_118' title='bbox 677 1753 859 1836; x_wconf 88' lang='lat' dir='ltr'><strong>praesidem</strong></span> <span class='ocrx_word' id='word_1_119' title='bbox 874 1757 1055 1836; x_wconf 87' lang='lat' dir='ltr'><strong>prouinciae</strong></span> <span class='ocrx_word' id='word_1_120' title='bbox 1066 1773 1192 1816; x_wconf 84' lang='lat' dir='ltr'><strong>causam</strong></span> 
     </span>
    </p>

    <p class='ocr_par' dir='ltr' id='par_1_13' title="bbox 7 1835 1242 1928">
     <span class='ocr_line' id='line_1_16' title="bbox 103 1837 1242 1921; baseline 0.002 -20.767"><span class='ocrx_word' id='word_1_121' title='bbox 103 1839 242 1921; x_wconf 91' lang='lat' dir='ltr'><strong>probare</strong></span> <span class='ocrx_word' id='word_1_122' title='bbox 267 1837 388 1903; x_wconf 80' lang='lat' dir='ltr'><strong>et&#39;fieri</strong></span> <span class='ocrx_word' id='word_1_123' title='bbox 410 1843 491 1902; x_wconf 78' lang='lat' dir='ltr'><strong>ciuis</strong></span> <span class='ocrx_word' id='word_1_124' title='bbox 507 1842 665 1904; x_wconf 81' lang='lat' dir='ltr'><strong>Romanus</strong></span> <span class='ocrx_word' id='word_1_125' title='bbox 687 1853 751 1903; x_wconf 89' lang='lat' dir='ltr'><strong>tam</strong></span> <span class='ocrx_word' id='word_1_126' title='bbox 774 1843 842 1920; x_wconf 89' lang='lat' dir='ltr'><strong>ipse</strong></span> <span class='ocrx_word' id='word_1_127' title='bbox 863 1859 957 1921; x_wconf 91' lang='lat' dir='ltr'><strong>quam</strong></span> <span class='ocrx_word' id='word_1_128' title='bbox 980 1841 1064 1903; x_wconf 88' lang='lat' dir='ltr'><strong>lilius</strong></span> <span class='ocrx_word' id='word_1_129' title='bbox 1086 1841 1191 1903; x_wconf 85' lang='lat' dir='ltr'><strong>liliaue</strong></span> <span class='ocrx_word' id='word_1_130' title='bbox 1212 1858 1242 1903; x_wconf 79' lang='grc'><strong>45</strong></span> 
     </span>
    </p>

    <p class='ocr_par' dir='ltr' id='par_1_14' title="bbox 7 1927 1192 2100">
     <span class='ocr_line' id='line_1_17' title="bbox 7 1927 1191 2008; baseline 0.001 -21"><span class='ocrx_word' id='word_1_131' title='bbox 7 1949 8 1960; x_wconf 27' lang='grc'><strong>4</strong></span> <span class='ocrx_word' id='word_1_132' title='bbox 104 1928 176 1988; x_wconf 90' lang='lat' dir='ltr'><strong>eius</strong></span> <span class='ocrx_word' id='word_1_133' title='bbox 192 1937 224 1989; x_wconf 90' lang='lat' dir='ltr'><strong>et</strong></span> <span class='ocrx_word' id='word_1_134' title='bbox 238 1946 334 2006; x_wconf 85' lang='lat' dir='ltr'><strong>uxor,</strong></span> <span class='ocrx_word' id='word_1_135' title='bbox 359 1927 479 1989; x_wconf 87' lang='lat' dir='ltr'><strong>scilicet</strong></span> <span class='ocrx_word' id='word_1_136' title='bbox 494 1929 521 1988; x_wconf 92' lang='lat' dir='ltr'><strong>si</strong></span> <span class='ocrx_word' id='word_1_137' title='bbox 538 1937 569 1988; x_wconf 91' lang='lat' dir='ltr'><strong>et</strong></span> <span class='ocrx_word' id='word_1_138' title='bbox 585 1928 653 2008; x_wconf 91' lang='lat' dir='ltr'><strong>ipsa</strong></span> <span class='ocrx_word' id='word_1_139' title='bbox 668 1929 774 1988; x_wconf 87' lang='lat' dir='ltr'><strong>Latina</strong></span> <span class='ocrx_word' id='word_1_140' title='bbox 790 1930 847 1989; x_wconf 88' lang='lat' dir='ltr'><strong>sit:</strong></span> <span class='ocrx_word' id='word_1_141' title='bbox 872 1946 944 1988; x_wconf 90' lang='lat' dir='ltr'><strong>uam</strong></span> <span class='ocrx_word' id='word_1_142' title='bbox 968 1929 994 1988; x_wconf 89' lang='lat' dir='ltr'><strong>si</strong></span> <span class='ocrx_word' id='word_1_143' title='bbox 1018 1947 1098 1988; x_wconf 88' lang='lat' dir='ltr'><strong>uxor</strong></span> <span class='ocrx_word' id='word_1_144' title='bbox 1112 1927 1191 1988; x_wconf 90' lang='lat' dir='ltr'><strong>ciuis</strong></span> 
     </span>
     <span class='ocr_line' id='line_1_18' title="bbox 105 2013 1192 2100; baseline 0.002 -28"><span class='ocrx_word' id='word_1_145' title='bbox 105 2013 242 2100; x_wconf 85' lang='lat' dir='ltr'><strong>Romana</strong></span> <span class='ocrx_word' id='word_1_146' title='bbox 270 2015 327 2091; x_wconf 78' lang='lat' dir='ltr'><strong>sit,</strong></span> <span class='ocrx_word' id='word_1_147' title='bbox 356 2023 468 2094; x_wconf 85' lang='lat' dir='ltr'><strong>partus</strong></span> <span class='ocrx_word' id='word_1_148' title='bbox 494 2032 621 2093; x_wconf 91' lang='lat' dir='ltr'><strong>quoque</strong></span> <span class='ocrx_word' id='word_1_149' title='bbox 649 2015 729 2075; x_wconf 88' lang='lat' dir='ltr'><strong>ciuis</strong></span> <span class='ocrx_word' id='word_1_150' title='bbox 749 2015 907 2075; x_wconf 91' lang='lat' dir='ltr'><strong>Romanus</strong></span> <span class='ocrx_word' id='word_1_151' title='bbox 929 2024 977 2075; x_wconf 88' lang='lat' dir='ltr'><strong>est</strong></span> <span class='ocrx_word' id='word_1_152' title='bbox 999 2033 1039 2075; x_wconf 84' lang='lat' dir='ltr'><strong>ex</strong></span> <span class='ocrx_word' id='word_1_153' title='bbox 1062 2023 1192 2075; x_wconf 88' lang='lat' dir='ltr'><strong>senatus</strong></span> 
     </span>
    </p>

    <p class='ocr_par' dir='ltr' id='par_1_15' title="bbox 64 2097 1190 2178">
     <span class='ocr_line' id='line_1_19' title="bbox 64 2097 1190 2178; baseline 0 -18"><span class='ocrx_word' id='word_1_154' title='bbox 64 2102 81 2160; x_wconf 82' lang='grc'><strong>4</strong></span> <span class='ocrx_word' id='word_1_155' title='bbox 104 2100 259 2175; x_wconf 86' lang='lat' dir='ltr'><strong>consulto,</strong></span> <span class='ocrx_word' id='word_1_156' title='bbox 284 2099 369 2178; x_wconf 91' lang='lat' dir='ltr'><strong>quod</strong></span> <span class='ocrx_word' id='word_1_157' title='bbox 389 2109 514 2161; x_wconf 85' lang='lat' dir='ltr'><strong>auctore</strong></span> <span class='ocrx_word' id='word_1_158' title='bbox 537 2097 609 2161; x_wconf 91' lang='lat' dir='ltr'><strong>diuo</strong></span> <span class='ocrx_word' id='word_1_159' title='bbox 624 2099 781 2161; x_wconf 90' lang='lat' dir='ltr'><strong>Hadriano</strong></span> <span class='ocrx_word' id='word_1_160' title='bbox 796 2100 911 2161; x_wconf 89' lang='lat' dir='ltr'><strong>lactum</strong></span> <span class='ocrx_word' id='word_1_161' title='bbox 928 2108 987 2161; x_wconf 89' lang='lat' dir='ltr'><strong>est.</strong></span> <span class='ocrx_word' id='word_1_162' title='bbox 1024 2100 1190 2162; x_wconf 87' lang='lat' dir='ltr'><strong>iteratione</strong></span> 
     </span>
    </p>

    <p class='ocr_par' dir='ltr' id='par_1_16' title="bbox 7 2183 1191 2266">
     <span class='ocr_line' id='line_1_20' title="bbox 7 2183 1191 2266; baseline 0.002 -22"><span class='ocrx_word' id='word_1_163' title='bbox 7 2183 8 2262; x_wconf 82' lang='lat' dir='ltr'>j</span> <span class='ocrx_word' id='word_1_164' title='bbox 104 2185 139 2246; x_wconf 86' lang='lat' dir='ltr'><strong>fit</strong></span> <span class='ocrx_word' id='word_1_165' title='bbox 156 2185 237 2247; x_wconf 92' lang='lat' dir='ltr'><strong>ciuis</strong></span> <span class='ocrx_word' id='word_1_166' title='bbox 253 2186 420 2261; x_wconf 87' lang='lat' dir='ltr'><strong>Romanus,</strong></span> <span class='ocrx_word' id='word_1_167' title='bbox 440 2187 496 2265; x_wconf 93' lang='lat' dir='ltr'><strong>qui</strong></span> <span class='ocrx_word' id='word_1_168' title='bbox 512 2195 581 2266; x_wconf 91' lang='lat' dir='ltr'><strong>post</strong></span> <span class='ocrx_word' id='word_1_169' title='bbox 597 2187 795 2247; x_wconf 88' lang='lat' dir='ltr'><strong>Latinitatem</strong></span> <span class='ocrx_word' id='word_1_170' title='bbox 811 2203 907 2266; x_wconf 89' lang='lat' dir='ltr'><strong>quam</strong></span> <span class='ocrx_word' id='word_1_171' title='bbox 923 2195 1104 2265; x_wconf 88' lang='lat' dir='ltr'><strong>acceperat,</strong></span> <span class='ocrx_word' id='word_1_172' title='bbox 1123 2205 1191 2246; x_wconf 91' lang='lat' dir='ltr'><strong>ma-</strong></span> 
     </span>
    </p>

    <p class='ocr_par' dir='ltr' id='par_1_17' title="bbox 7 2271 1240 2351">
     <span class='ocr_line' id='line_1_21' title="bbox 7 2271 1240 2351; baseline 0.001 -20"><span class='ocrx_word' id='word_1_173' title='bbox 7 2319 8 2346; x_wconf 27' lang='lat'>}</span> <span class='ocrx_word' id='word_1_174' title='bbox 104 2273 152 2332; x_wconf 93' lang='lat' dir='ltr'><strong>ior</strong></span> <span class='ocrx_word' id='word_1_175' title='bbox 167 2272 299 2351; x_wconf 78' lang='lat' dir='ltr'><strong>triginta</strong></span> <span class='ocrx_word' id='word_1_176' title='bbox 315 2289 469 2333; x_wconf 90' lang='lat' dir='ltr'><strong>annorum</strong></span> <span class='ocrx_word' id='word_1_177' title='bbox 485 2273 600 2332; x_wconf 90' lang='lat' dir='ltr'><strong>iterum</strong></span> <span class='ocrx_word' id='word_1_178' title='bbox 615 2273 695 2333; x_wconf 89' lang='lat' dir='ltr'><strong>iuste</strong></span> <span class='ocrx_word' id='word_1_179' title='bbox 711 2273 924 2334; x_wconf 86' lang='lat' dir='ltr'><strong>manumissus</strong></span> <span class='ocrx_word' id='word_1_180' title='bbox 941 2281 989 2333; x_wconf 89' lang='lat' dir='ltr'><strong>est</strong></span> <span class='ocrx_word' id='word_1_181' title='bbox 1004 2271 1044 2333; x_wconf 88' lang='lat' dir='ltr'><strong>ab</strong></span> <span class='ocrx_word' id='word_1_182' title='bbox 1061 2291 1114 2351; x_wconf 87' lang='lat' dir='ltr'><strong>eo,</strong></span> <span class='ocrx_word' id='word_1_183' title='bbox 1134 2291 1190 2333; x_wconf 88' lang='lat' dir='ltr'><strong>cu·</strong></span> <span class='ocrx_word' id='word_1_184' title='bbox 1210 2287 1240 2332; x_wconf 76' lang='lat' dir='ltr'><strong>ao</strong></span> 
     </span>
    </p>

    <p class='ocr_par' dir='ltr' id='par_1_18' title="bbox 7 2356 1191 2430">
     <span class='ocr_line' id='line_1_22' title="bbox 7 2356 1191 2430; baseline 0.001 -12"><span class='ocrx_word' id='word_1_185' title='bbox 7 2383 8 2386; x_wconf 41' lang='lat'>¹</span> <span class='ocrx_word' id='word_1_186' title='bbox 104 2359 154 2418; x_wconf 94' lang='lat' dir='ltr'><strong>ius</strong></span> <span class='ocrx_word' id='word_1_187' title='bbox 178 2376 221 2418; x_wconf 88' lang='lat' dir='ltr'><strong>ex</strong></span> <span class='ocrx_word' id='word_1_188' title='bbox 243 2358 313 2418; x_wconf 84' lang='lat' dir='ltr'><strong>iure</strong></span> <span class='ocrx_word' id='word_1_189' title='bbox 328 2357 496 2430; x_wconf 88' lang='lat' dir='ltr'><strong>Quiritium</strong></span> <span class='ocrx_word' id='word_1_190' title='bbox 519 2376 632 2419; x_wconf 91' lang='lat' dir='ltr'><strong>seruus</strong></span> <span class='ocrx_word' id='word_1_191' title='bbox 655 2357 722 2419; x_wconf 88' lang='lat' dir='ltr'><strong>luit.</strong></span> <span class='ocrx_word' id='word_1_192' title='bbox 768 2356 825 2421; x_wconf 91' lang='lat' dir='ltr'><strong>sed</strong></span> <span class='ocrx_word' id='word_1_193' title='bbox 846 2358 921 2420; x_wconf 91' lang='lat' dir='ltr'><strong>huic</strong></span> <span class='ocrx_word' id='word_1_194' title='bbox 942 2377 1126 2419; x_wconf 89' lang='lat' dir='ltr'><strong>concessum</strong></span> <span class='ocrx_word' id='word_1_195' title='bbox 1143 2369 1191 2419; x_wconf 85' lang='lat' dir='ltr'><strong>cst</strong></span> 
     </span>
    </p>

    <p class='ocr_par' dir='ltr' id='par_1_19' title="bbox 7 2443 1187 2526">
     <span class='ocr_line' id='line_1_23' title="bbox 7 2443 1187 2526; baseline 0.001 -22"><span class='ocrx_word' id='word_1_196' title='bbox 7 2521 8 2526; x_wconf 8' lang='grc' dir='ltr'>ἵ</span> <span class='ocrx_word' id='word_1_197' title='bbox 103 2461 146 2504; x_wconf 77' lang='lat' dir='ltr'><strong>em</strong></span> <span class='ocrx_word' id='word_1_198' title='bbox 172 2454 303 2505; x_wconf 86' lang='lat' dir='ltr'><strong>senalus</strong></span> <span class='ocrx_word' id='word_1_199' title='bbox 329 2444 470 2505; x_wconf 87' lang='lat' dir='ltr'><strong>consulto</strong></span> <span class='ocrx_word' id='word_1_200' title='bbox 497 2446 590 2506; x_wconf 86' lang='lat' dir='ltr'><strong>etiam</strong></span> <span class='ocrx_word' id='word_1_201' title='bbox 617 2443 727 2506; x_wconf 80' lang='lat' dir='ltr'><strong>liberis</strong></span> <span class='ocrx_word' id='word_1_202' title='bbox 753 2445 803 2506; x_wconf 90' lang='lat' dir='ltr'><strong>ius</strong></span> <span class='ocrx_word' id='word_1_203' title='bbox 830 2445 1000 2517; x_wconf 87' lang='lat' dir='ltr'><strong>Quiritium</strong></span> <span class='ocrx_word' id='word_1_204' title='bbox 1026 2445 1187 2524; x_wconf 81' lang='lat' dir='ltr'><strong>consequi.</strong></span> 
     </span>
    </p>

    <p class='ocr_par' dir='ltr' id='par_1_20' title="bbox 7 2529 1189 2610">
     <span class='ocr_line' id='line_1_24' title="bbox 7 2529 1189 2610; baseline 0 -20"><span class='ocrx_word' id='word_1_205' title='bbox 7 2529 9 2576; x_wconf 76' lang='grc' dir='ltr'>ἕ</span> <span class='ocrx_word' id='word_1_206' title='bbox 64 2531 82 2590; x_wconf 82' lang='grc'><strong>44</strong></span> <span class='ocrx_word' id='word_1_207' title='bbox 102 2530 213 2592; x_wconf 80' lang='lat' dir='ltr'><strong>Militia</strong></span> <span class='ocrx_word' id='word_1_208' title='bbox 233 2531 283 2591; x_wconf 91' lang='lat' dir='ltr'><strong>ius</strong></span> <span class='ocrx_word' id='word_1_209' title='bbox 299 2531 468 2602; x_wconf 87' lang='lat' dir='ltr'><strong>Quiritium</strong></span> <span class='ocrx_word' id='word_1_210' title='bbox 491 2530 606 2609; x_wconf 89' lang='lat' dir='ltr'><strong>accipit</strong></span> <span class='ocrx_word' id='word_1_211' title='bbox 622 2530 766 2608; x_wconf 84' lang='lat' dir='ltr'><strong>Latinus,</strong></span> <span class='ocrx_word' id='word_1_212' title='bbox 791 2533 821 2592; x_wconf 79' lang='lat' dir='ltr'><strong>ot&#39;</strong></span> <span class='ocrx_word' id='word_1_213' title='bbox 841 2532 924 2592; x_wconf 90' lang='lat' dir='ltr'><strong>inter</strong></span> <span class='ocrx_word' id='word_1_214' title='bbox 944 2531 1059 2610; x_wconf 85' lang='lat' dir='ltr'><strong>uigiles</strong></span> <span class='ocrx_word' id='word_1_215' title='bbox 1074 2531 1189 2590; x_wconf 92' lang='lat' dir='ltr'><strong>Romae</strong></span> 
     </span>
    </p>

    <p class='ocr_par' dir='ltr' id='par_1_21' title="bbox 7 2616 1189 2700">
     <span class='ocr_line' id='line_1_25' title="bbox 7 2616 1189 2700; baseline -0.001 -23"><span class='ocrx_word' id='word_1_216' title='bbox 7 2635 8 2688; x_wconf 59' lang='grc' dir='ltr'>ς</span> <span class='ocrx_word' id='word_1_217' title='bbox 102 2635 160 2677; x_wconf 87' lang='lat' dir='ltr'><strong>sex</strong></span> <span class='ocrx_word' id='word_1_218' title='bbox 175 2617 270 2677; x_wconf 89' lang='lat' dir='ltr'><strong>annis</strong></span> <span class='ocrx_word' id='word_1_219' title='bbox 286 2617 482 2695; x_wconf 90' lang='lat' dir='ltr'><strong>militauerit,</strong></span> <span class='ocrx_word' id='word_1_220' title='bbox 502 2616 626 2696; x_wconf 80' lang='lat' dir='ltr'><strong>exlege</strong></span> <span class='ocrx_word' id='word_1_221' title='bbox 641 2617 781 2678; x_wconf 90' lang='lat' dir='ltr'><strong>Visellia.</strong></span> <span class='ocrx_word' id='word_1_222' title='bbox 823 2625 989 2697; x_wconf 89' lang='lat' dir='ltr'><strong>praeterea</strong></span> <span class='ocrx_word' id='word_1_223' title='bbox 1005 2635 1046 2700; x_wconf 85' lang='lat' dir='ltr'><strong>ex</strong></span> <span class='ocrx_word' id='word_1_224' title='bbox 1061 2625 1189 2678; x_wconf 90' lang='lat' dir='ltr'><strong>senatus</strong></span> 
     </span>
    </p>

    <p class='ocr_par' dir='ltr' id='par_1_22' title="bbox 7 2701 1239 2782">
     <span class='ocr_line' id='line_1_26' title="bbox 7 2701 1239 2782; baseline 0 -20"><span class='ocrx_word' id='word_1_225' title='bbox 7 2701 9 2782; x_wconf 68' lang='grc' dir='ltr'><strong><em>ζ</em></strong></span> <span class='ocrx_word' id='word_1_226' title='bbox 101 2702 248 2764; x_wconf 86' lang='lat' dir='ltr'><strong>consulto</strong></span> <span class='ocrx_word' id='word_1_227' title='bbox 263 2721 445 2764; x_wconf 89' lang='lat' dir='ltr'><strong>concessum</strong></span> <span class='ocrx_word' id='word_1_228' title='bbox 463 2711 511 2764; x_wconf 91' lang='lat' dir='ltr'><strong>est</strong></span> <span class='ocrx_word' id='word_1_229' title='bbox 527 2703 572 2778; x_wconf 90' lang='lat' dir='ltr'><strong>ei,</strong></span> <span class='ocrx_word' id='word_1_230' title='bbox 598 2712 646 2780; x_wconf 90' lang='lat' dir='ltr'><strong>ut,</strong></span> <span class='ocrx_word' id='word_1_231' title='bbox 674 2703 700 2764; x_wconf 89' lang='lat' dir='ltr'><strong>si</strong></span> <span class='ocrx_word' id='word_1_232' title='bbox 723 2704 859 2764; x_wconf 90' lang='lat' dir='ltr'><strong>triennio</strong></span> <span class='ocrx_word' id='word_1_233' title='bbox 875 2704 960 2763; x_wconf 92' lang='lat' dir='ltr'><strong>inter</strong></span> <span class='ocrx_word' id='word_1_234' title='bbox 975 2704 1089 2780; x_wconf 81' lang='lat' dir='ltr'><strong>uigiles</strong></span> <span class='ocrx_word' id='word_1_235' title='bbox 1105 2702 1189 2762; x_wconf 90' lang='lat' dir='ltr'><strong>mili-</strong></span> <span class='ocrx_word' id='word_1_236' title='bbox 1207 2719 1239 2763; x_wconf 79' lang='grc'><strong>45</strong></span> 
     </span>
    </p>

    <p class='ocr_par' dir='ltr' id='par_1_23' title="bbox 7 2788 1189 2868">
     <span class='ocr_line' id='line_1_27' title="bbox 7 2788 1189 2868; baseline 0 -20"><span class='ocrx_word' id='word_1_237' title='bbox 7 2849 9 2864; x_wconf 73' lang='grc'><strong>,</strong></span> <span class='ocrx_word' id='word_1_238' title='bbox 64 2789 238 2865; x_wconf 80' lang='lat' dir='ltr'><strong>(ltauerit,</strong></span> <span class='ocrx_word' id='word_1_239' title='bbox 265 2789 315 2849; x_wconf 94' lang='lat' dir='ltr'><strong>ius</strong></span> <span class='ocrx_word' id='word_1_240' title='bbox 331 2788 502 2860; x_wconf 87' lang='lat' dir='ltr'><strong>Quiritium</strong></span> <span class='ocrx_word' id='word_1_241' title='bbox 521 2797 743 2868; x_wconf 87' lang='lat' dir='ltr'><strong>consequatur.</strong></span> <span class='ocrx_word' id='word_1_242' title='bbox 783 2790 869 2850; x_wconf 90' lang='lat' dir='ltr'><strong>Naue</strong></span> <span class='ocrx_word' id='word_1_243' title='bbox 884 2789 1012 2849; x_wconf 89' lang='lat' dir='ltr'><strong>Latinus</strong></span> <span class='ocrx_word' id='word_1_244' title='bbox 1029 2789 1189 2848; x_wconf 86' lang='lat' dir='ltr'><strong>ciuitatem</strong></span> 
     </span>
    </p>

    <p class='ocr_par' dir='ltr' id='par_1_24' title="bbox 7 2873 1189 2954">
     <span class='ocr_line' id='line_1_28' title="bbox 7 2873 1189 2954; baseline 0.003 -24"><span class='ocrx_word' id='word_1_245' title='bbox 7 2907 8 2930; x_wconf 63' lang='grc'><strong>4</strong></span> <span class='ocrx_word' id='word_1_246' title='bbox 99 2875 271 2936; x_wconf 83' lang='lat' dir='ltr'><strong>Romanam</strong></span> <span class='ocrx_word' id='word_1_247' title='bbox 293 2875 416 2954; x_wconf 83' lang='lat' dir='ltr'><strong>accipit,</strong></span> <span class='ocrx_word' id='word_1_248' title='bbox 441 2875 466 2935; x_wconf 88' lang='lat' dir='ltr'><strong>sl</strong></span> <span class='ocrx_word' id='word_1_249' title='bbox 489 2893 552 2934; x_wconf 92' lang='lat' dir='ltr'><strong>non</strong></span> <span class='ocrx_word' id='word_1_250' title='bbox 573 2875 724 2936; x_wconf 84' lang='lat' dir='ltr'><strong>minorem</strong></span> <span class='ocrx_word' id='word_1_251' title='bbox 748 2893 843 2954; x_wconf 90' lang='lat' dir='ltr'><strong>quam</strong></span> <span class='ocrx_word' id='word_1_252' title='bbox 859 2873 970 2935; x_wconf 91' lang='lat' dir='ltr'><strong>decem</strong></span> <span class='ocrx_word' id='word_1_253' title='bbox 985 2874 1106 2934; x_wconf 81' lang='lat' dir='ltr'><strong>milium</strong></span> <span class='ocrx_word' id='word_1_254' title='bbox 1121 2893 1189 2934; x_wconf 91' lang='lat' dir='ltr'><strong>mo-</strong></span> 
     </span>
    </p>

    <p class='ocr_par' dir='ltr' id='par_1_25' title="bbox 7 2958 1186 3022">
     <span class='ocr_line' id='line_1_29' title="bbox 7 2958 1186 3022; baseline 0 -2"><span class='ocrx_word' id='word_1_255' title='bbox 7 2963 8 3008; x_wconf 74' lang='grc' dir='ltr'><strong>ῖ</strong></span> <span class='ocrx_word' id='word_1_256' title='bbox 99 2959 227 3022; x_wconf 89' lang='lat' dir='ltr'><strong>diorum</strong></span> <span class='ocrx_word' id='word_1_257' title='bbox 251 2978 365 3022; x_wconf 89' lang='lat' dir='ltr'><strong>nauem</strong></span> <span class='ocrx_word' id='word_1_258' title='bbox 389 2959 595 3022; x_wconf 84' lang='lat' dir='ltr'><strong>fabricauerit</strong></span> <span class='ocrx_word' id='word_1_259' title='bbox 614 2969 646 3021; x_wconf 89' lang='lat' dir='ltr'><strong>et</strong></span> <span class='ocrx_word' id='word_1_260' title='bbox 663 2962 788 3021; x_wconf 84' lang='lat' dir='ltr'><strong>Romam</strong></span> <span class='ocrx_word' id='word_1_261' title='bbox 812 2979 868 3021; x_wconf 88' lang='lat' dir='ltr'><strong>sex</strong></span> <span class='ocrx_word' id='word_1_262' title='bbox 883 2960 975 3020; x_wconf 91' lang='lat' dir='ltr'><strong>annis</strong></span> <span class='ocrx_word' id='word_1_263' title='bbox 991 2958 1186 3022; x_wconf 85' lang='lat' dir='ltr'><strong>frumentum</strong></span> 
     </span>
    </p>

    <p class='ocr_par' dir='ltr' id='par_1_26' title="bbox 7 3046 700 3126">
     <span class='ocr_line' id='line_1_30' title="bbox 7 3046 700 3126; baseline -0.001 -18"><span class='ocrx_word' id='word_1_264' title='bbox 7 3049 8 3056; x_wconf 75' lang='grc'>’</span> <span class='ocrx_word' id='word_1_265' title='bbox 99 3046 287 3126; x_wconf 73' lang='lat' dir='ltr'><strong>pertenent,</strong></span> <span class='ocrx_word' id='word_1_266' title='bbox 307 3065 346 3106; x_wconf 90' lang='lat' dir='ltr'><strong>ex</strong></span> <span class='ocrx_word' id='word_1_267' title='bbox 361 3046 464 3108; x_wconf 87' lang='lat' dir='ltr'><strong>edicto</strong></span> <span class='ocrx_word' id='word_1_268' title='bbox 480 3046 547 3108; x_wconf 88' lang='lat' dir='ltr'><strong>diui</strong></span> <span class='ocrx_word' id='word_1_269' title='bbox 564 3046 700 3107; x_wconf 80' lang='lat' dir='ltr'><strong>Claudii.</strong></span> 
     </span>
    </p>
   </div>
   <div class='ocr_carea' id='block_1_5' title="bbox 98 3285 1181 3306">
    <p class='ocr_par' dir='ltr' id='par_1_27' title="bbox 98 3285 1181 3306">
     <span class='ocr_line' id='line_1_31' title="bbox 98 3285 1181 3306; baseline 0 -7"><span class='ocrx_word' id='word_1_270' title='bbox 98 3287 170 3306; x_wconf 52' lang='lat' dir='ltr'><strong>led</strong></span> <span class='ocrx_word' id='word_1_271' title='bbox 180 3285 836 3300; x_wconf 33' lang='lat' dir='ltr'><strong>msstmwmmmmwvwwwwmtmmn</strong></span> <span class='ocrx_word' id='word_1_272' title='bbox 841 3287 1143 3301; x_wconf 58' lang='lat' dir='ltr'><strong>&#39;VWlMWMVWWJVx</strong></span> <span class='ocrx_word' id='word_1_273' title='bbox 1148 3289 1157 3296; x_wconf 61' lang='lat' dir='ltr'><strong>&#39;l</strong></span> <span class='ocrx_word' id='word_1_274' title='bbox 1179 3289 1181 3294; x_wconf 63' lang='lat' dir='ltr'><strong>l</strong></span> 
     </span>
    </p>
   </div>
   <div class='ocr_carea' id='block_1_6' title="bbox 7 3456 1194 4144">
    <p class='ocr_par' dir='ltr' id='par_1_28' title="bbox 7 3456 1194 4144">
     <span class='ocr_line' id='line_1_32' title="bbox 168 3456 1185 3528; baseline 0 -20"><span class='ocrx_word' id='word_1_275' title='bbox 168 3465 178 3508; x_wconf 90' lang='grc'><strong>4</strong></span> <span class='ocrx_word' id='word_1_276' title='bbox 203 3459 270 3522; x_wconf 89' lang='lat' dir='ltr'><strong>tam]</strong></span> <span class='ocrx_word' id='word_1_277' title='bbox 285 3459 404 3511; x_wconf 80' lang='lat' dir='ltr'><strong>tatemc</strong></span> <span class='ocrx_word' id='word_1_278' title='bbox 428 3456 438 3526; x_wconf 73' lang='lat' dir='ltr'><strong>{l</strong></span> <span class='ocrx_word' id='word_1_279' title='bbox 465 3462 477 3507; x_wconf 86' lang='grc'><strong>4</strong></span> <span class='ocrx_word' id='word_1_280' title='bbox 498 3459 609 3510; x_wconf 86' lang='lat' dir='ltr'><strong>latinius</strong></span> <span class='ocrx_word' id='word_1_281' title='bbox 621 3459 799 3523; x_wconf 89' lang='lat' dir='ltr'><strong>quiritiumC</strong></span> <span class='ocrx_word' id='word_1_282' title='bbox 823 3456 834 3525; x_wconf 77' lang='grc' dir='ltr'><strong>Η</strong></span> <span class='ocrx_word' id='word_1_283' title='bbox 860 3461 1045 3525; x_wconf 65' lang='lat' dir='ltr'><strong>spristinoc</strong></span> <span class='ocrx_word' id='word_1_284' title='bbox 1070 3457 1080 3528; x_wconf 89' lang='grc' dir='ltr'><strong>ΙΙ</strong></span> <span class='ocrx_word' id='word_1_285' title='bbox 1109 3457 1185 3518; x_wconf 77' lang='lat' dir='ltr'><strong>tex]</strong></span> 
     </span>
     <span class='ocr_line' id='line_1_33' title="bbox 7 3524 1185 3594; baseline 0.006 -17"><span class='ocrx_word' id='word_1_286' title='bbox 7 3591 8 3594; x_wconf 7' lang='grc' dir='ltr'><strong>Ἰ</strong></span> <span class='ocrx_word' id='word_1_287' title='bbox 97 3531 124 3577; x_wconf 84' lang='lat' dir='ltr'><strong>et</strong></span> <span class='ocrx_word' id='word_1_288' title='bbox 139 3528 159 3578; x_wconf 88' lang='grc'><strong>0</strong></span> <span class='ocrx_word' id='word_1_289' title='bbox 188 3524 199 3594; x_wconf 77' lang='lat' dir='ltr'><strong>ll</strong></span> <span class='ocrx_word' id='word_1_290' title='bbox 228 3528 311 3592; x_wconf 78' lang='lat' dir='ltr'><strong>uulgo</strong></span> <span class='ocrx_word' id='word_1_291' title='bbox 324 3529 430 3592; x_wconf 84' lang='lat' dir='ltr'><strong>quaesit</strong></span> <span class='ocrx_word' id='word_1_292' title='bbox 441 3530 467 3578; x_wconf 88' lang='lat' dir='ltr'><strong>te</strong></span> <span class='ocrx_word' id='word_1_293' title='bbox 480 3541 510 3577; x_wconf 89' lang='lat' dir='ltr'><strong>re</strong></span> <span class='ocrx_word' id='word_1_294' title='bbox 523 3542 591 3580; x_wconf 80' lang='lat' dir='ltr'><strong>nexa</strong></span> <span class='ocrx_word' id='word_1_295' title='bbox 608 3528 643 3579; x_wconf 92' lang='grc'><strong>0.·</strong></span> <span class='ocrx_word' id='word_1_296' title='bbox 661 3527 744 3592; x_wconf 77' lang='lat' dir='ltr'><strong>uulgo</strong></span> <span class='ocrx_word' id='word_1_297' title='bbox 758 3529 911 3592; x_wconf 87' lang='lat' dir='ltr'><strong>quaesitum</strong></span> <span class='ocrx_word' id='word_1_298' title='bbox 929 3531 1007 3580; x_wconf 86' lang='lat' dir='ltr'><strong>enixa</strong></span> <span class='ocrx_word' id='word_1_299' title='bbox 1026 3530 1185 3584; x_wconf 69' lang='lat' dir='ltr'><strong>Lachmann,</strong></span> 
     </span>
     <span class='ocr_line' id='line_1_34' title="bbox 99 3595 1186 3662; baseline -0.003 -16.312"><span class='ocrx_word' id='word_1_300' title='bbox 99 3597 181 3660; x_wconf 79' lang='lat' dir='ltr'><strong>uulgo</strong></span> <span class='ocrx_word' id='word_1_301' title='bbox 194 3598 334 3660; x_wconf 83' lang='lat' dir='ltr'><strong>quaesitos</strong></span> <span class='ocrx_word' id='word_1_302' title='bbox 347 3600 402 3648; x_wconf 90' lang='lat' dir='ltr'><strong>tres</strong></span> <span class='ocrx_word' id='word_1_303' title='bbox 414 3597 493 3647; x_wconf 83' lang='lat' dir='ltr'><strong>enixa</strong></span> <span class='ocrx_word' id='word_1_304' title='bbox 504 3597 640 3662; x_wconf 68' lang='lat' dir='ltr'><strong>Boeotico,</strong></span> <span class='ocrx_word' id='word_1_305' title='bbox 655 3597 755 3648; x_wconf 88' lang='lat' dir='ltr'><strong>mulier</strong></span> <span class='ocrx_word' id='word_1_306' title='bbox 767 3611 836 3661; x_wconf 87' lang='lat' dir='ltr'><strong>quae</strong></span> <span class='ocrx_word' id='word_1_307' title='bbox 849 3599 884 3648; x_wconf 87' lang='lat' dir='ltr'><strong>sit</strong></span> <span class='ocrx_word' id='word_1_308' title='bbox 893 3601 935 3648; x_wconf 89' lang='lat' dir='ltr'><strong>ter</strong></span> <span class='ocrx_word' id='word_1_309' title='bbox 945 3601 1024 3649; x_wconf 85' lang='lat' dir='ltr'><strong>enixa</strong></span> <span class='ocrx_word' id='word_1_310' title='bbox 1034 3595 1186 3649; x_wconf 79' lang='lat' dir='ltr'><strong>Heimboclt:</strong></span> 
     </span>
     <span class='ocr_line' id='line_1_35' title="bbox 99 3663 1188 3734; baseline -0.004 -19"><span class='ocrx_word' id='word_1_311' title='bbox 99 3667 143 3716; x_wconf 80' lang='lat' dir='ltr'><strong>olii</strong></span> <span class='ocrx_word' id='word_1_312' title='bbox 155 3679 249 3716; x_wconf 79' lang='lat' dir='ltr'><strong>nomen</strong></span> <span class='ocrx_word' id='word_1_313' title='bbox 261 3671 367 3716; x_wconf 74' lang='lat' dir='ltr'><strong>senatos</strong></span> <span class='ocrx_word' id='word_1_314' title='bbox 380 3667 528 3716; x_wconf 64' lang='lat' dir='ltr'><strong>concellita</strong></span> <span class='ocrx_word' id='word_1_315' title='bbox 541 3667 625 3730; x_wconf 78' lang='lat' dir='ltr'><strong>uulgo</strong></span> <span class='ocrx_word' id='word_1_316' title='bbox 639 3667 721 3717; x_wconf 79' lang='lat' dir='ltr'><strong>tatere</strong></span> <span class='ocrx_word' id='word_1_317' title='bbox 730 3671 826 3728; x_wconf 75' lang='lat' dir='ltr'><strong>potant</strong></span> <span class='ocrx_word' id='word_1_318' title='bbox 850 3665 859 3732; x_wconf 73' lang='lat' dir='ltr'><strong>ll</strong></span> <span class='ocrx_word' id='word_1_319' title='bbox 886 3670 914 3715; x_wconf 88' lang='grc'><strong>44</strong></span> <span class='ocrx_word' id='word_1_320' title='bbox 933 3669 993 3718; x_wconf 87' lang='lat' dir='ltr'><strong>clue</strong></span> <span class='ocrx_word' id='word_1_321' title='bbox 1009 3669 1029 3719; x_wconf 87' lang='grc'><strong>0</strong></span> <span class='ocrx_word' id='word_1_322' title='bbox 1051 3663 1061 3734; x_wconf 77' lang='lat' dir='ltr'><strong>ll</strong></span> <span class='ocrx_word' id='word_1_323' title='bbox 1089 3669 1119 3715; x_wconf 78' lang='grc'><strong>44</strong></span> <span class='ocrx_word' id='word_1_324' title='bbox 1133 3663 1188 3712; x_wconf 90' lang='lat' dir='ltr'><strong>du·</strong></span> 
     </span>
     <span class='ocr_line' id='line_1_36' title="bbox 7 3730 1189 3802; baseline -0.003 -20"><span class='ocrx_word' id='word_1_325' title='bbox 7 3765 9 3800; x_wconf 23' lang='grc'><strong>4</strong></span> <span class='ocrx_word' id='word_1_326' title='bbox 99 3735 172 3786; x_wconf 83' lang='grc'><strong>44440</strong></span> <span class='ocrx_word' id='word_1_327' title='bbox 197 3730 208 3800; x_wconf 87' lang='grc' dir='ltr'><strong>ΙΙ</strong></span> <span class='ocrx_word' id='word_1_328' title='bbox 235 3734 397 3787; x_wconf 81' lang='lat' dir='ltr'><strong>aueculloc</strong></span> <span class='ocrx_word' id='word_1_329' title='bbox 424 3731 434 3801; x_wconf 82' lang='grc' dir='ltr'><strong>ΙΙ</strong></span> <span class='ocrx_word' id='word_1_330' title='bbox 464 3736 495 3783; x_wconf 85' lang='grc'><strong>44</strong></span> <span class='ocrx_word' id='word_1_331' title='bbox 509 3735 627 3786; x_wconf 76' lang='lat' dir='ltr'><strong>causac</strong></span> <span class='ocrx_word' id='word_1_332' title='bbox 654 3731 665 3802; x_wconf 76' lang='grc' dir='ltr'><strong>ΙΙ</strong></span> <span class='ocrx_word' id='word_1_333' title='bbox 694 3739 726 3784; x_wconf 80' lang='grc'><strong>45</strong></span> <span class='ocrx_word' id='word_1_334' title='bbox 740 3737 830 3785; x_wconf 91' lang='lat' dir='ltr'><strong>ciuem</strong></span> <span class='ocrx_word' id='word_1_335' title='bbox 843 3749 987 3786; x_wconf 87' lang='lat' dir='ltr'><strong>romanum</strong></span> <span class='ocrx_word' id='word_1_336' title='bbox 1003 3736 1030 3798; x_wconf 87' lang='grc'><strong>0,</strong></span> <span class='ocrx_word' id='word_1_337' title='bbox 1052 3737 1127 3786; x_wconf 88' lang='lat' dir='ltr'><strong>ciues</strong></span> <span class='ocrx_word' id='word_1_338' title='bbox 1140 3743 1189 3780; x_wconf 89' lang='lat' dir='ltr'><strong>ro-</strong></span> 
     </span>
     <span class='ocr_line' id='line_1_37' title="bbox 7 3799 1191 3870; baseline -0.003 -19"><span class='ocrx_word' id='word_1_339' title='bbox 7 3801 8 3808; x_wconf 77' lang='grc'>’</span> <span class='ocrx_word' id='word_1_340' title='bbox 100 3805 170 3853; x_wconf 90' lang='lat' dir='ltr'><strong>mani</strong></span> <span class='ocrx_word' id='word_1_341' title='bbox 183 3803 334 3852; x_wconf 76' lang='lat' dir='ltr'><strong>Lachmann</strong></span> <span class='ocrx_word' id='word_1_342' title='bbox 367 3799 378 3868; x_wconf 80' lang='grc' dir='ltr'><strong>ΙΙ</strong></span> <span class='ocrx_word' id='word_1_343' title='bbox 414 3806 444 3852; x_wconf 87' lang='grc'><strong>48</strong></span> <span class='ocrx_word' id='word_1_344' title='bbox 464 3803 521 3852; x_wconf 87' lang='lat' dir='ltr'><strong>diui</strong></span> <span class='ocrx_word' id='word_1_345' title='bbox 535 3803 667 3854; x_wconf 79' lang='lat' dir='ltr'><strong>atrianit&#39;</strong></span> <span class='ocrx_word' id='word_1_346' title='bbox 700 3801 711 3870; x_wconf 74' lang='lat' dir='ltr'><strong>ll</strong></span> <span class='ocrx_word' id='word_1_347' title='bbox 747 3808 777 3854; x_wconf 79' lang='grc'><strong>44</strong></span> <span class='ocrx_word' id='word_1_348' title='bbox 796 3807 941 3868; x_wconf 83' lang='lat' dir='ltr'><strong>postquam</strong></span> <span class='ocrx_word' id='word_1_349' title='bbox 959 3805 1120 3855; x_wconf 85' lang='lat' dir='ltr'><strong>latinitatem</strong></span> <span class='ocrx_word' id='word_1_350' title='bbox 1139 3811 1191 3848; x_wconf 83' lang='lat' dir='ltr'><strong>ac-</strong></span> 
     </span>
     <span class='ocr_line' id='line_1_38' title="bbox 7 3868 1192 3938; baseline 0.001 -18"><span class='ocrx_word' id='word_1_351' title='bbox 7 3893 8 3906; x_wconf 57' lang='lat'>1</span> <span class='ocrx_word' id='word_1_352' title='bbox 99 3873 209 3936; x_wconf 86' lang='lat' dir='ltr'><strong>ceperat</strong></span> <span class='ocrx_word' id='word_1_353' title='bbox 221 3885 272 3920; x_wconf 79' lang='lat' dir='ltr'><strong>scr.</strong></span> <span class='ocrx_word' id='word_1_354' title='bbox 310 3868 321 3936; x_wconf 78' lang='lat' dir='ltr'><strong>ll</strong></span> <span class='ocrx_word' id='word_1_355' title='bbox 355 3875 383 3921; x_wconf 86' lang='grc'><strong>44</strong></span> <span class='ocrx_word' id='word_1_356' title='bbox 407 3886 439 3923; x_wconf 87' lang='lat' dir='ltr'><strong>ex</strong></span> <span class='ocrx_word' id='word_1_357' title='bbox 458 3872 535 3923; x_wconf 81' lang='lat' dir='ltr'><strong>iusC</strong></span> <span class='ocrx_word' id='word_1_358' title='bbox 567 3868 577 3938; x_wconf 82' lang='grc' dir='ltr'><strong>ΙΙ</strong></span> <span class='ocrx_word' id='word_1_359' title='bbox 612 3876 644 3922; x_wconf 87' lang='grc'><strong>44</strong></span> <span class='ocrx_word' id='word_1_360' title='bbox 663 3873 706 3937; x_wconf 83' lang='lat' dir='ltr'><strong>ex]</strong></span> <span class='ocrx_word' id='word_1_361' title='bbox 726 3875 757 3924; x_wconf 91' lang='lat' dir='ltr'><strong>ut</strong></span> <span class='ocrx_word' id='word_1_362' title='bbox 768 3887 802 3924; x_wconf 82' lang='lat' dir='ltr'><strong>ex</strong></span> <span class='ocrx_word' id='word_1_363' title='bbox 818 3870 851 3924; x_wconf 82' lang='lat' dir='ltr'><strong>Cb</strong></span> <span class='ocrx_word' id='word_1_364' title='bbox 864 3875 968 3934; x_wconf 81' lang='lat' dir='ltr'><strong>(monuo</strong></span> <span class='ocrx_word' id='word_1_365' title='bbox 980 3874 1086 3933; x_wconf 80' lang='lat' dir='ltr'><strong>altero),</strong></span> <span class='ocrx_word' id='word_1_366' title='bbox 1105 3885 1142 3920; x_wconf 74' lang='lat' dir='ltr'><strong>u*</strong></span> <span class='ocrx_word' id='word_1_367' title='bbox 1156 3877 1192 3915; x_wconf 75' lang='lat' dir='ltr'><strong>ex</strong></span> 
     </span>
     <span class='ocr_line' id='line_1_39' title="bbox 7 3936 1193 4011; baseline -0.003 -21"><span class='ocrx_word' id='word_1_368' title='bbox 7 3953 9 3968; x_wconf 59' lang='lat'><strong><em>³</em></strong></span> <span class='ocrx_word' id='word_1_369' title='bbox 101 3940 133 3990; x_wconf 74' lang='lat'><strong>0⁸</strong></span> <span class='ocrx_word' id='word_1_370' title='bbox 166 3936 176 4005; x_wconf 84' lang='grc' dir='ltr'><strong>ΙΙ</strong></span> <span class='ocrx_word' id='word_1_371' title='bbox 211 3939 327 3992; x_wconf 82' lang='lat' dir='ltr'><strong>liberiC</strong></span> <span class='ocrx_word' id='word_1_372' title='bbox 359 3937 371 4006; x_wconf 82' lang='grc'><strong>11</strong></span> <span class='ocrx_word' id='word_1_373' title='bbox 404 3945 436 3990; x_wconf 76' lang='grc'><strong>44</strong></span> <span class='ocrx_word' id='word_1_374' title='bbox 455 3941 578 3992; x_wconf 68' lang='lat' dir='ltr'><strong>sioac</strong></span> <span class='ocrx_word' id='word_1_375' title='bbox 612 3937 622 4007; x_wconf 87' lang='grc' dir='ltr'><strong>ΙΙ</strong></span> <span class='ocrx_word' id='word_1_376' title='bbox 656 3945 687 3991; x_wconf 84' lang='grc'><strong>44</strong></span> <span class='ocrx_word' id='word_1_377' title='bbox 704 3942 844 3993; x_wconf 76' lang='lat' dir='ltr'><strong>ulsilliac</strong></span> <span class='ocrx_word' id='word_1_378' title='bbox 876 3938 887 4008; x_wconf 92' lang='grc' dir='ltr'><strong>ΙΙ</strong></span> <span class='ocrx_word' id='word_1_379' title='bbox 921 3943 1071 4005; x_wconf 81' lang='lat' dir='ltr'><strong>praeterea]</strong></span> <span class='ocrx_word' id='word_1_380' title='bbox 1092 3938 1193 4011; x_wconf 71' lang='lat' dir='ltr'><strong>postea</strong></span> 
     </span>
     <span class='ocr_line' id='line_1_40' title="bbox 100 4005 1194 4076; baseline 0.001 -20"><span class='ocrx_word' id='word_1_381' title='bbox 100 4009 181 4059; x_wconf 76' lang='lat' dir='ltr'><strong>l&#39;ober</strong></span> <span class='ocrx_word' id='word_1_382' title='bbox 192 4014 272 4068; x_wconf 83' lang='lat' dir='ltr'><strong>recte,</strong></span> <span class='ocrx_word' id='word_1_383' title='bbox 287 4009 320 4070; x_wconf 79' lang='lat' dir='ltr'><strong>ef.</strong></span> <span class='ocrx_word' id='word_1_384' title='bbox 339 4010 396 4060; x_wconf 80' lang='grc'><strong>0444.</strong></span> <span class='ocrx_word' id='word_1_385' title='bbox 413 4016 438 4071; x_wconf 88' lang='grc'><strong>4,</strong></span> <span class='ocrx_word' id='word_1_386' title='bbox 452 4006 501 4063; x_wconf 61' lang='grc' dir='ltr'><strong>54δ</strong></span> <span class='ocrx_word' id='word_1_387' title='bbox 524 4005 534 4073; x_wconf 83' lang='grc' dir='ltr'><strong>ΙΙ</strong></span> <span class='ocrx_word' id='word_1_388' title='bbox 557 4013 589 4060; x_wconf 77' lang='grc'><strong>44</strong></span> <span class='ocrx_word' id='word_1_389' title='bbox 603 4014 666 4060; x_wconf 86' lang='lat' dir='ltr'><strong>naui</strong></span> <span class='ocrx_word' id='word_1_390' title='bbox 684 4011 704 4062; x_wconf 94' lang='grc'><strong>0</strong></span> <span class='ocrx_word' id='word_1_391' title='bbox 726 4007 736 4076; x_wconf 94' lang='grc' dir='ltr'><strong>ΙΙ</strong></span> <span class='ocrx_word' id='word_1_392' title='bbox 759 4012 871 4060; x_wconf 83' lang='lat' dir='ltr'><strong>ciuitate</strong></span> <span class='ocrx_word' id='word_1_393' title='bbox 884 4022 996 4060; x_wconf 86' lang='lat' dir='ltr'><strong>romana</strong></span> <span class='ocrx_word' id='word_1_394' title='bbox 1010 4010 1033 4071; x_wconf 91' lang='grc'><strong>0</strong></span> <span class='ocrx_word' id='word_1_395' title='bbox 1054 4008 1064 4076; x_wconf 81' lang='grc' dir='ltr'><strong>ΙΙ</strong></span> <span class='ocrx_word' id='word_1_396' title='bbox 1089 4012 1120 4060; x_wconf 82' lang='grc'><strong>47</strong></span> <span class='ocrx_word' id='word_1_397' title='bbox 1134 4015 1194 4052; x_wconf 80' lang='lat' dir='ltr'><strong>ml·</strong></span> 
     </span>
     <span class='ocr_line' id='line_1_41' title="bbox 7 4074 606 4144; baseline 0.007 -19"><span class='ocrx_word' id='word_1_398' title='bbox 7 4093 8 4144; x_wconf 65' lang='lat'>}</span> <span class='ocrx_word' id='word_1_399' title='bbox 100 4076 199 4128; x_wconf 84' lang='lat' dir='ltr'><strong>noreC</strong></span> <span class='ocrx_word' id='word_1_400' title='bbox 227 4074 237 4142; x_wconf 89' lang='grc' dir='ltr'><strong>ΙΙ</strong></span> <span class='ocrx_word' id='word_1_401' title='bbox 266 4077 375 4128; x_wconf 87' lang='lat' dir='ltr'><strong>miliaC</strong></span> <span class='ocrx_word' id='word_1_402' title='bbox 402 4074 412 4142; x_wconf 76' lang='lat' dir='ltr'><strong>ll</strong></span> <span class='ocrx_word' id='word_1_403' title='bbox 441 4083 473 4128; x_wconf 76' lang='grc'><strong>48</strong></span> <span class='ocrx_word' id='word_1_404' title='bbox 493 4079 606 4130; x_wconf 84' lang='lat' dir='ltr'><strong>romaG</strong></span> 
     </span>
    </p>
   </div>
   <div class='ocr_carea' id='block_1_7' title="bbox 0 0 1467 4898">
    <p class='ocr_par' dir='ltr' id='par_1_29' title="bbox 0 0 1467 4898">
     <span class='ocr_line' id='line_1_42' title="bbox 0 0 1467 4898; baseline 0 0"><span class='ocrx_word' id='word_1_405' title='bbox 0 0 1467 4898; x_wconf 95' lang='lat' dir='ltr'><strong> </strong></span> 
     </span>
    </p>
   </div>
  </div>
 </body>
</html>
