2926 4888
445 384 447 388 .
519 371 605 386 --
650 337 710 400 119
754 371 840 384 --
999 337 1216 400 Paut.v‚e-tt

96 529 115 588 3
136 548 210 590 rum
232 529 360 590 nomine
375 527 578 608 promittitur.
627 527 779 600 Quotiens
800 525 974 588 iudicatum
990 526 1071 588 solui
1087 526 1220 606 stipula-

136 615 224 677 tione
236 613 417 693 satisdator,
435 613 549 675 omissa
561 614 630 675 eius
641 613 721 675 actio
737 613 785 674 rei
800 611 956 674 iudicatae
968 612 1221 692 persecutionem

97 703 115 762 l
136 699 368 763 nonexcludit.
414 699 610 780 Emancipati
632 698 725 760 liberi
741 700 906 780 praeteriti
929 699 954 758 si
969 697 1072 760 uelint
1087 699 1219 759 miscere

135 807 170 849 se
181 795 335 868 paternae
346 785 515 848 hereditati
529 794 561 847 et
575 804 647 847 oum
659 785 709 847 his
723 786 778 865 qui
792 787 824 846 in
835 793 989 865 potestate
1000 791 1220 845 remanserunt

135 873 314 934 eommunis
335 874 434 952 patris
458 870 604 934 diuidere
627 870 853 950 hereditatem,
879 879 1049 951 antequam
1063 869 1252 931 bonorumt

74 1001 76 1006 -
134 959 369 1039 possessionem
383 967 509 1039 petant,
530 957 570 1018 de
586 955 777 1019 conterendo
793 975 907 1018 cauere
929 975 1001 1017 cum
1016 954 1219 1017 satisdatione

134 1044 311 1107 debebunt.
357 1042 443 1125 quod
461 1045 488 1106 si
504 1042 656 1106 satisdare
671 1062 733 1104 non
749 1051 891 1125 possunt,
911 1043 1015 1103 statim
1031 1060 1069 1102 ex
1084 1039 1146 1102 fide
1161 1039 1220 1102 ho-

133 1150 249 1192 norum
271 1128 487 1211 confusionem
503 1137 633 1210 excepto
655 1129 778 1211 peculio
794 1129 945 1191 castrensi
968 1126 1071 1189 facere
1087 1125 1219 1208 cogendi

134 1227 221 1280 sunt.

390 1405 418 1487 [x
459 1423 497 1465 nn
522 1423 735 1467 conrasasrmu
756 1399 967 1484 uvororurlrr]
1238 1414 1268 1459 4ο

96 1527 109 1585 4
222 1525 271 1587 Ob
287 1534 405 1588 metum
421 1523 636 1606 impendentis
648 1523 755 1586 damni
770 1523 875 1586 uicino
891 1520 1038 1584 satisdart'
1051 1520 1147 1583 debet
1162 1519 1219 1582 da-

95 1613 114 1673 2
134 1612 176 1673 tis
192 1610 398 1692 sponsoribus
413 1629 511 1691 super
526 1629 562 1671 eo
578 1608 664 1690 quod
679 1608 786 1671 damni
801 1607 964 1671 acciderit.
1000 1608 1044 1668 De
1061 1605 1219 1668 communi

133 1699 257 1778 pariete
271 1698 418 1760 utilitatis
434 1716 527 1759 causa
543 1697 602 1758 hoc
616 1698 721 1778 eoepit
735 1695 915 1774 obseruari,
934 1702 970 1755 ut
984 1693 1130 1755 aedificet
1146 1693 1219 1772 qui-

135 1783 225 1862 dem,
252 1785 341 1844 cuius
356 1782 522 1846 aedificare
539 1783 687 1861 interest,
713 1791 841 1862 cogatur
854 1799 931 1842 uero
947 1780 1049 1842 socius
1064 1779 1217 1860 portionis

133 1888 210 1932 suae
226 1871 386 1949 impensas
399 1887 582 1949 agnoscere.
1237 1878 1267 1923 ts

491 2055 531 2138 [ru
573 2074 612 2117 nr
633 2056 858 2140 norurroumrs]

95 2181 108 2239 l
222 2178 351 2259 Species
363 2186 452 2238 extra
463 2175 569 2238 dotem
581 2195 599 2238 a
610 2184 709 2237 matre
724 2175 757 2236 in
769 2175 919 2237 honorem
930 2175 1112 2256 nuptiarum
1124 2190 1219 2254 prae-

134 2273 224 2328 sente
253 2263 315 2325 lilia
339 2281 453 2344 genero
473 2262 609 2325 traditae
630 2261 831 2325 donationem
860 2261 1030 2342 perfecisse
1054 2259 1217 2321 uidentur.

93 2349 280 2414 2Probatio
301 2348 436 2411 traditae
458 2349 512 2410 uel
541 2368 604 2410 non
625 2347 760 2410 traditae
781 2349 988 2429 possessionis
1013 2365 1077 2408 non
1098 2354 1163 2406 tam
1185 2344 1218 2405 in

134 2434 206 2499 iure
222 2454 316 2516 quam
328 2435 362 2496 in
378 2434 457 2496 lacto
473 2435 630 2496 consistit:
649 2433 783 2514 ideoque
795 2434 913 2496 sufficit
928 2432 969 2495 ad
984 2431 1215 2514 probationem,
1237 2445 1267 2490 so

93 2525 113 2583 3
134 2524 163 2586 si
185 2541 254 2583 rem
277 2521 482 2603 corporaliter
502 2529 643 2582 teneant.
690 2521 781 2582 Pater
802 2521 829 2582 si
855 2520 918 2582 filio
940 2518 1075 2580 familias
1097 2514 1218 2596 aliquid

134 2607 303 2671 donauerit
326 2617 357 2669 et
376 2609 410 2668 in
432 2626 468 2668 ea
489 2607 651 2669 uoluntate
675 2607 887 2687 perseuerans
908 2604 1099 2684 decesserit,
1118 2611 1218 2664 morte

94 2698 113 2758 l
133 2696 235 2776 patris
258 2693 384 2756 donatio
407 2693 609 2754 conualesoit.
657 2691 735 2754 Cum
757 2693 854 2755 unius
875 2693 924 2753 rei
940 2693 973 2752 in
996 2690 1076 2764 duos
1092 2688 1218 2751 donatio

134 2779 312 2859 confertur,
337 2781 440 2860 potior
455 2787 502 2840 est
523 2779 592 2858 ille,
618 2779 669 2840 cui
692 2797 743 2840 res
764 2776 879 2840 tradita
900 2785 965 2839 est:
991 2795 1050 2838 uec
1071 2775 1214 2862 interest,

133 2867 291 2948 posterior
318 2868 345 2927 ts
372 2885 412 2926 an
440 2867 528 2946 prior
556 2865 729 2946 acceperit,
764 2873 797 2925 et
824 2872 974 2944 exceptae
997 2881 1057 2924 nec
1081 2880 1121 2922 ne
1142 2879 1217 2941 per·
1235 2873 1269 2919 ss

94 2954 232 3015 deonas
260 2953 336 3014 sint.
381 2952 504 3014 Inuitus
526 2949 658 3012 donator
679 2949 719 3012 de
742 2950 898 3012 euictione
919 2950 966 3010 rei
987 2947 1121 3010 donatae
1143 2964 1218 3026 pro-

134 3041 263 3100 mittere
279 3055 341 3098 non
358 3038 496 3118 cogitur,
514 3056 573 3098 nec
589 3057 624 3099 eo
640 3037 781 3114 nomine,
800 3037 827 3096 si
842 3035 1033 3117 promiserit,
1052 3040 1214 3109 oneratur,

135 3127 211 3206 quia
227 3124 402 3186 lucratiuae
423 3126 470 3184 rei
486 3141 648 3204 possessor
667 3121 707 3184 ab
723 3122 889 3184 culationis
911 3121 1032 3182 actione
1055 3120 1123 3200 ipsa
1138 3117 1218 3179 iuris

78 3213 117 3273 5·
134 3203 257 3274 ratione
280 3209 463 3290 depellitur.
509 3208 560 3270 *Si
581 3219 673 3290 pater
688 3209 876 3288 emancipati
899 3206 955 3269 filii
977 3206 1103 3268 nomine
1119 3203 1218 3266 dona-

132 3377 655 3396 ΝΝΝΜΝΜΛΝΝΜΝΛἋΛΛΑΝΝᾺΙΨΜΝὋ
661 3379 705 3394 VVV

207 3451 595 3514 tt,5e.o=1)2'9.ae,s,st

205 3673 428 3725 toonlusionem
449 3675 601 3736 scripsimus
624 3671 659 3723 od
676 3673 929 3735 interpretationem,
956 3671 1160 3736 conpititionem
1178 3669 1215 3727 M,
1254 3675 1274 3715 s

133 3744 370 3808 competiouemL
399 3743 410 3806 ΙΙ
440 3745 471 3790 to
491 3745 609 3804 expectes
619 3743 752 3792 moricum
764 3741 798 3791 de
810 3741 910 3791 damno
922 3739 1022 3790 iniecto
1049 3738 1062 3802 ll
1093 3741 1120 3786 44
1138 3738 1219 3788 satis-

132 3813 312 3864 darecodtces
340 3813 352 3876 11
381 3810 647 3873 datisll,additist
684 3809 695 3872 ΙΙ
735 3813 764 3860 ta
784 3812 815 3860 ut
826 3812 898 3868 octa,
912 3812 944 3859 ut
955 3822 987 3859 ea
1000 3809 1037 3868 lt,
1050 3810 1082 3857 ut
1093 3806 1179 3856 hoel.
1209 3803 1219 3870 tl

135 3884 167 3930 44
187 3881 232 3931 cui
246 3882 344 3932 codices
381 3881 393 3946 11
431 3883 462 3930 tr
482 3892 560 3930 amu.
575 3881 605 3930 lt
640 3878 652 3943 lt
688 3880 823 3940 metrali,
837 3879 945 3943 patret
986 3876 997 3939 11
1039 3875 1218 3925 mutuentur

133 3951 207 4010 dett,
221 3948 554 4010 uideturM,uldeaturL
583 3947 594 4012 ΙΙ
626 3951 657 3997 ts
674 3947 720 3998 uel
732 3959 787 3998 non
798 3946 868 3998 trad.
882 3959 931 3996 om.
946 3946 976 3995 Μ
1008 3943 1019 4008 ΙΙ
1058 3948 1086 3994 2⁴
1109 3946 1218 3994 tenmnt

132 4019 165 4081 t,
179 4018 320 4081 teneatis,
338 4021 444 4069 teneam
457 4017 641 4068 Ritterstusius
681 4015 692 4080 ΙΙ
731 4020 763 4065 43
784 4014 1002 4066 duobuscodtces
1042 4014 1053 4077 ΙΙ
1094 4017 1126 4063 st
1146 4013 1216 4063 isan

132 4089 211 4154 prior
221 4089 324 4150 scripsi,
338 4089 400 4152 quis
412 4100 448 4138 an
459 4087 536 4151 prius
549 4087 586 4148 tt,
599 4087 661 4151 quis
673 4098 706 4134 an
720 4086 767 4150 qui
780 4084 930 4150 primosi:
946 4087 1064 4145 expectes
1077 4084 1154 4132 etium
1166 4081 1221 4132 do-

131 4159 272 4208 nationem
285 4160 345 4207 ants
356 4157 493 4234 acceperit
