2926 4888
494 373 581 388 ...-
625 343 663 405 91
709 377 795 390 ...-
1019 342 1094 394 Paul.
1109 343 1186 406 111,e

37 534 79 592 60
100 549 267 594 seruorum
282 532 386 611 legato
401 530 530 593 cedunt.
557 531 737 594 ‘Mobilibus
751 530 863 611 legatis
877 549 991 593 aurum
1006 531 1058 593 uel
1066 549 1188 611 ergen-

99 629 166 680 tum
183 636 247 678 non
263 616 410 696 debetur,
428 618 491 679 nisi
501 617 542 680 de
556 619 606 678 his
618 636 745 698 quoque
756 615 922 678 manifeste
938 618 1074 680 sensisse
1089 626 1189 679 testa·
1246 647 1252 664 ·

38 705 73 763 64
99 713 201 766 torem
215 704 315 784 possit
327 702 465 766 ostendi.
501 704 712 765 Instrumenta
727 703 879 782 cauponio
894 703 997 783 legato
1012 722 1049 765 ea
1065 701 1188 764 deben-

99 799 170 868 tur,
196 807 275 870 quoe
295 791 446 870 cauponis
460 790 532 851 usui
555 798 663 870 parata
678 799 771 868 sunt,
796 788 887 851 uelut
900 807 995 867 uase,
1022 789 1054 851 in
1070 787 1188 868 quibus

99 877 213 938 uinum
225 874 428 938 defunditur:
443 877 563 953 escaria
574 893 701 956 quoque
713 885 745 936 et
756 875 1003 956 poculeriouasa
1014 873 1184 937 debentur.
1206 887 1222 932 4

38 964 80 1022 63
101 980 178 1023 sane
194 962 332 1023 ministri
349 980 458 1023 earum
479 980 586 1023 rerum
602 962 703 1041 legato
718 979 782 1022 non
800 959 929 1022 cedunt.
977 962 1187 1022 Instrumenta

100 1047 219 1110 medici
234 1048 336 1128 legato
359 1047 485 1128 collyria
506 1056 538 1109 et
560 1048 730 1128 emplastra
750 1056 782 1109 et
796 1057 967 1128 apparatus
988 1046 1091 1108 omnis
1113 1065 1189 1108 con-

101 1132 312 1195 ficiendorum
326 1132 639 1212 medicamentorum,
658 1134 799 1214 itemque
814 1133 1004 1194 ferramenta
1019 1133 1119 1212 legato
1135 1151 1189 1194 ce·

40 1221 79 1280 63
101 1218 195 1281 dunt.
242 1220 455 1285 Instrumenta
476 1220 606 1299 pictoris
629 1219 730 1299 legato
751 1219 872 1280 colores
885 1219 1027 1300 penicilli
1049 1220 1188 1281 cauteria

40 1309 81 1367 444
101 1316 133 1367 et
156 1305 436 1384 temperandorum
459 1306 594 1367 colorum
618 1323 694 1366 uasa
720 1303 936 1367 debebuntur.
984 1305 1111 1366 Pistoris
1137 1305 1188 1365 in·
1207 1316 1240 1361 44

10 1409 11 1430 ¹
101 1400 279 1453 strumento
300 1392 401 1471 legato
423 1389 528 1452 cribra
550 1392 632 1453 asini
654 1391 754 1453 molae
777 1400 808 1452 et
830 1392 918 1454 serui
939 1393 995 1470 qui
1017 1392 1187 1470 pistrinum

101 1487 269 1556 exercent,
289 1479 364 1539 item
380 1477 560 1556 machinae,
579 1476 696 1558 quibus
717 1476 836 1539 farinae
852 1475 1061 1556 subiguntur,
1087 1477 1188 1557 legem

41 1565 82 1624 65
101 1562 232 1626 cedunt.
284 1565 496 1625 Instrumenta
523 1562 716 1625 balneatorio
737 1563 839 1643 legato
865 1561 1028 1624 balneator
1060 1562 1129 1642 ipse
1156 1572 1188 1624 et

102 1667 232 1711 scamna
250 1658 282 1711 et
296 1648 478 1732 hypopodia,
497 1649 636 1726 fistulae,
656 1649 803 1726 miliaria,
821 1649 970 1728 epitonia,
988 1655 1074 1710 rotae
1088 1667 1188 1729 aque-

103 1735 186 1815 rine,
204 1736 343 1797 iumenta
360 1753 485 1815 quoque
501 1734 619 1815 quibus
634 1735 718 1816 ligna
733 1733 924 1796 deferuntur
938 1735 1040 1814 legato
1054 1732 1184 1796 cedunt.
1207 1745 1239 1791 44

42 1824 82 1883 66
104 1823 318 1883 Instrumento
333 1822 497 1901 piscatoris
517 1822 620 1902 legato
636 1830 668 1883 et
682 1821 760 1882 retia
776 1830 808 1882 et
823 1838 933 1882 nessae
949 1831 980 1882 et
999 1821 1141 1882 fuscinae
1157 1830 1188 1882 et

102 1906 285 1986 anniculae,
311 1907 395 1969 hami
416 1925 541 1987 quoque
560 1915 592 1968 et
607 1915 713 1969 cetera
729 1906 883 1970 eiusmodi
903 1905 1014 1976 usibus
1030 1905 1188 1969 destinate

42 1994 83 2056 67
103 1992 273 2055 debentur.
305 1993 507 2074 Supellectile
530 1992 632 2073 legata
648 2005 759 2072 capsae
774 1992 924 2071 armaria,
943 1993 1008 2054 44444·
1026 1993 1126 2054 solum
1147 1992 1188 2053 li-

102 2078 234 2141 brorum
250 2088 303 2140 aut
318 2080 416 2141 uestis
430 2077 595 2160 ponendae
612 2079 710 2159 gratia
725 2087 853 2158 paratae
868 2080 949 2158 sint,
970 2077 1185 2158 debebuntur,

102 2164 162 2227 sed
173 2174 205 2226 et
214 2164 339 2226 bitorino
351 2174 382 2227 et
394 2164 565 2227 cristallina
577 2173 609 2227 et
619 2174 767 2244 argentee
779 2174 811 2226 et
821 2165 924 2228 uitrea
935 2183 1011 2227 uasa
1021 2174 1084 2226 tem
1100 2183 1189 2228 esea·
1208 2175 1240 2220 34)

44 2255 83 2314 68
104 2253 151 2312 ria
173 2269 267 2331 quam
288 2251 464 2331 pecularia,
490 2260 522 2312 et
542 2251 643 2313 uestis
658 2253 801 2313 stratoria
815 2252 919 2331 legato
933 2250 1063 2314 cedunt.
1099 2251 1189 2313 Villis

43 2341 83 2400 69
102 2338 156 2400 uel
178 2338 263 2417 agris
285 2338 455 2418 separatim
477 2337 589 2417 legatis
610 2338 745 2398 alterum
760 2338 852 2399 alteri
874 2336 970 2399 cedit.
1016 2337 1126 2400 Seruis
1148 2356 1188 2399 no

101 2441 179 2485 4444
201 2424 311 2503 legatis
333 2424 464 2486 ancillae
479 2441 603 2503 quoque
619 2421 840 2486 debebantur:
864 2441 928 2484 non
943 2424 1019 2496 item
1040 2425 1125 2486 serui
1141 2423 1189 2484 le-

103 2510 185 2590 gatis
197 2509 335 2571 ancillis:
361 2508 417 2572 sed
430 2509 614 2572 ancillarum
630 2509 841 2590 appellatione
856 2517 919 2572 tarn
934 2510 1078 2588 uirgines
1093 2527 1188 2589 quam

102 2613 270 2658 seruorum
292 2597 386 2676 pueri
406 2595 625 2658 continentur:
639 2594 701 2656 bis
722 2595 842 2657 scilicet
857 2596 1008 2676 exceptis,
1033 2596 1090 2675 qui
1105 2594 1189 2657 fidu·
1206 2606 1241 2652 34

43 2683 82 2742 744
102 2683 170 2744 cine
191 2680 258 2743 dati
278 2691 364 2744 sunt.
402 2683 514 2744 Seruis
535 2680 784 2744 amanuensibus
805 2682 916 2763 legatis
937 2700 1047 2743 omnes
1069 2676 1126 2761 dui
1149 2700 1188 2744 ex

102 2768 345 2830 conuersatione
365 2767 488 2830 urbana
511 2776 542 2828 et
564 2767 597 2828 in
620 2767 794 2830 ministerio
823 2766 942 2830 inerint
969 2765 1185 2846 debebuntur,

103 2855 167 2915 nisi
183 2873 225 2915 ex·
246 2853 296 2914 his
312 2854 410 2934 aliqui
433 2861 587 2934 perpetuo
609 2852 650 2915 ad
665 2872 745 2934 opus
766 2854 919 2915 rusticum
941 2853 1185 2915 transferentur.

43 2941 78 3001 74
103 2941 277 3002 venatores
291 2941 378 3002 serui
400 2941 453 3002 uel
468 2957 609 3020 aucupes
623 2958 664 3001 an
680 2940 762 3000 inter
783 2938 906 3001 urbana
921 2939 1097 3000 ministeria
1112 2957 1189 3000 oon-

175 3271 185 3314 t
209 3265 360 3316 monilibus
371 3267 443 3324 dett
457 3264 607 3316 monilibus
621 3266 657 3325 Μ,
671 3263 853 3316 mobilibnsL
882 3264 894 3327 ΙΙ
923 3268 1093 3330 tquaedeti.
1099 3279 1190 3330 ,quae

105 3337 132 3386 in
147 3336 195 3386 LLL
236 3333 248 3398 ΙΙ
289 3333 462 3400 specularia
478 3333 608 3394 Celusius,
623 3334 763 3400 poculaL,
778 3331 925 3400 peculaM,
939 3335 1047 3416 pocula
1051 3338 1077 3385 et
1089 3336 1149 3386 4444
1180 3331 1192 3401 ΙΙ

105 3403 257 3468 tpcnsulli
271 3404 308 3463 Μ,
321 3403 486 3469 pineeelleL
524 3401 536 3467 ΙΙ
578 3406 607 3452 44
629 3403 747 3469 hypodia
760 3405 859 3454 44444444
896 3403 907 3467 ΙΙ
945 3397 1064 3469 epitonia
1077 3404 1111 3466 Μ,
1127 3405 1190 3486 yto-

105 3473 194 3523 miaL
234 3473 246 3535 ll
288 3476 318 3522 47
338 3472 466 3522 nauicula
480 3472 528 3522 ΜΒ
569 3471 580 3534 ll
622 3476 653 3522 43
672 3485 771 3538 capsae
788 3475 895 3524 etarm.
911 3472 1045 3537 8444444444
1083 3473 1095 3536 ll
1136 3474 1189 3523 nisi

106 3541 233 3601 4444444444,
248 3541 425 3604 noneodices,
439 3540 473 3604 cs.
488 3540 548 3605 Die.
563 3545 606 3602 ³³,
620 3545 662 3603 4ο,
677 3543 702 3603 3,
717 3545 732 3591 3
761 3541 772 3604 ΙΙ
804 3544 834 3591 43
853 3542 985 3601 44444444,
998 3542 1116 3592 uestium
1130 3542 1159 3592 Μ
1186 3539 1192 3674 ι

107 3615 138 3660 344
158 3610 261 3660 buxina
275 3578 464 3673 4444444444444444,
484 3609 597 3674 byssina
615 3610 771 3674 4444444444
818 3613 847 3659 34
868 3611 953 3660 uestis
972 3611 1008 3670 Μ,
1027 3611 1151 3660 uestesL
1180 3540 1185 3676 1

105 3682 137 3729 34
157 3679 249 3739 sch,
263 3680 332 3730 44Μ
358 3677 370 3742 l
398 3678 447 3729 sed
459 3683 513 3729 tam
526 3678 687 3729 ancillarum
700 3679 879 3744 appellatione
890 3691 961 3730 444·
979 3681 1046 3729 mole
1059 3679 1190 3760 Interpret

105 3751 261 3800 444444444444
284 3750 321 3798 444
344 3747 484 3810 explicuit:
510 3747 670 3799 ancillarum
689 3752 780 3798 autem
797 3747 978 3812 appellatione
995 3750 1051 3798 tarn
1068 3747 1190 3810 uirgines

106 3831 188 3882 quam
201 3817 320 3882 puberes
331 3818 375 3868 uel
387 3816 544 3882 impuberes
555 3816 731 3882 accipiendae
743 3818 807 3867 sunt
841 3816 852 3880 {l
887 3819 918 3866 344
938 3819 985 3880 qnl
999 3817 1035 3874 Μ,
1049 3816 1151 3880 quneL
1180 3812 1191 3882 ΙΙ

106 3890 139 3936 34
158 3887 238 3936 datae
251 3886 316 3936 ML:
330 3886 443 3948 soriotae
454 3884 509 3935 dati
521 3885 635 3936 dateeue
647 3898 699 3936 444.
731 3885 742 3949 ΙΙ
767 3889 828 3947 posi
839 3884 1053 3936 amanuensibus
1068 3884 1186 3946 (admon.

106 3955 212 4018 codices)
234 3956 395 4006 intercidisse
412 3955 517 4004 uidetur
534 3955 646 4019 4444444444
664 3955 870 4013 mouendum,
890 3965 969 4015 quom
987 3954 1051 4004 tolio
1067 3953 1123 4016 (ero
1140 3966 1190 4002 44·

106 4027 235 4086 44444444.Ι
254 4024 415 4072 ministeriis
426 4035 493 4073 uero
505 4021 619 4072 urbanis
632 4023 727 4086 legatis
739 4035 794 4072 non
807 4023 831 4072 ei
843 4025 947 4073 tanturn
961 4023 1035 4073 serui
1053 4023 1100 4086 qui
1118 4023 1190 4073 intra

105 4091 202 4144 urbem
221 4093 456 4151 ministmuerunt,
475 4091 523 4141 sed
541 4093 621 4142 etiam
639 4093 663 4142 si
680 4093 727 4156 qui
739 4095 815 4142 extra
826 4091 923 4142 urbem
936 4105 969 4142 ex
982 4091 1191 4142 conuersatione

106 4162 209 4212 urbana
224 4163 252 4211 444
265 4161 416 4211 ministerio
428 4157 528 4210 luerint
