2922 4898
407 1196 661 1280 rnanmrro
681 1138 892 1282 'rotronis

194 1407 280 1470 Pauli
303 1407 533 1468 sententiarum
549 1405 641 1468 hodie
664 1426 727 1469 non
744 1416 915 1487 supersunt
931 1409 991 1470 nisi
1015 1406 1189 1488 fragmenta

111 1493 280 1556 ediuersis
301 1491 537 1553 collectionibus
553 1491 703 1573 petenda.
736 1503 832 1572 atque
854 1491 1095 1556 fundamentum
1118 1495 1191 1573 qui-

110 1579 179 1640 dem
197 1578 404 1640 restitutionis
428 1587 474 1638 est
490 1597 527 1639 ea
541 1579 700 1660 Epitome‚
720 1597 800 1658 quae
817 1580 908 1660 Legis
922 1580 1077 1641 Romanae
1095 1581 1191 1641 Wisi-

23 1727 25 1738 ,
111 1666 272 1746 gothorum
293 1673 416 1746 partem
441 1663 547 1724 elficit.
586 1666 664 1724 haec
679 1665 822 1744 Epitome
845 1665 877 1726 in
893 1664 1084 1745 quibusdam
1100 1667 1191 1746 Legis

110 1753 264 1814 Romanae
283 1748 444 1812 codicibus
459 1751 619 1834 nonnullis
629 1750 796 1812 sententiis
808 1770 848 1812 ex
860 1752 982 1831 integro
998 1751 1083 1813 Pauli
1095 1769 1191 1831 opere

111 1837 304 1919 depromptis
332 1845 420 1898 aucta
448 1845 507 1898 est.
552 1834 710 1898 accedunt
733 1837 892 1915 complura
914 1837 1017 1917 capita
1042 1837 1075 1900 iu
1098 1838 1191 1899 lusti-

110 1924 197 1986 uiani
212 1924 339 2003 Digesta
355 1932 385 1982 et
408 1923 440 1982 in
457 1921 660 1984 Collationem
676 1932 820 2002 recepta,
845 1923 993 2003 pauciora
1009 1923 1042 1984 in
1059 1923 1191 1985 Consul-

109 2011 225 2072 tatione
249 2018 280 2070 et
301 2009 334 2068 in
349 2009 506 2070 Vaticanis
528 2006 712 2088 fragmentis
734 2018 765 2070 et
787 2009 829 2069 in¹
843 2008 1080 2090 Appendicihus
1103 2009 1192 2089 Legis

110 2097 264 2156 Romanae
288 2095 529 2174 Wisigothorum
557 2102 680 2166 extant,
705 2095 873 2156 nonnullae
898 2094 1039 2176 denique
1060 2105 1192 2156 senten-

110 2183 170 2244 tiae
187 2183 220 2241 in
236 2182 317 2260 Lege
333 2181 468 2241 Romana
486 2179 741 2260 Burgundionum
756 2181 904 2242 citantur.
959 2228 961 2233 .
1233 2236 1238 2248 ,

196 2268 257 2328 llos
278 2267 357 2328 iuris
378 2264 476 2326 libros
493 2267 548 2345 qui
567 2267 819 2346 compilauerunt
839 2268 968 2328 Paulum
990 2267 1078 2330 uario
1099 2265 1191 2330 modo

109 2362 335 2416 tractauerunt.
364 2352 548 2414 'Collationis
561 2354 649 2412 enim
665 2363 696 2413 et
717 2352 959 2414 Consultationis
982 2364 1013 2415 et
1028 2353 1192 2416 Vaticano·

111 2459 181 2502 rum
202 2438 450 2518 fragmentorum
473 2447 505 2500 et
525 2436 746 2518 Appendicum
773 2438 955 2502 auctoribus
978 2439 1064 2500 Pauli
1091 2438 1192 2500 uerba

111 2535 232 2590 mutare
250 2527 283 2586 in
301 2525 408 2586 animo
422 2543 486 2586 non
501 2523 577 2586 luit:
609 2524 787 2585 Collationis
807 2533 913 2586 tamen
937 2534 1112 2602 auctorem,
1135 2523 1191 2588 ubi

109 2613 218 2692 plures
234 2610 408 2672 sententias
423 2629 487 2670 uno
501 2611 603 2690 capite
621 2610 892 2690 complecteretur,
911 2631 973 2674 non
989 2609 1108 2690 ubique
1125 2611 1193 2691 pri-

111 2699 229 2762 stinum
256 2715 364 2758 eamm
391 2695 534 2758 ordinem
561 2715 705 2758 seruasse
729 2716 769 2758 ex
795 2697 890 2758 huius
917 2693 1066 2758 editionis
1092 2696 1193 2757 titulis

112 2785 142 2862 5,
163 2785 201 2843 48
224 2781 275 2864 (.-.=
292 2782 369 2842 Coll.
389 2783 439 2861 ll,
458 2783 489 2844 3,.
509 2782 539 2842 2.
560 2783 589 2841 4.
608 2782 637 2861 5)
664 2791 695 2843 et
712 2783 742 2860 5,
762 2783 801 2858 20
823 2781 875 2863 (.-..
891 2783 967 2844 Coil.
989 2783 1039 2859 42,
1060 2784 1089 2842 l.
1107 2782 1139 2842 2.
1158 2780 1188 2860 3)

110 2878 253 2951 apparet.
283 2877 393 2930 contra
410 2868 443 2928 in
457 2867 594 2948 Digestis
610 2867 696 2931 Pauli
708 2868 882 2930 sententias
897 2887 961 2931 non
977 2869 1082 2930 minus
1098 2885 1192 2946 quam

110 2957 249 3035 reliquos
271 2953 370 3015 libros
390 2965 536 3016 ueterum
559 2955 628 3016 iure
645 2956 857 3016 consultorum
877 2953 919 3016 ab
940 2953 1121 3015 Iustinianis
1142 2953 1193 3013 in-

110 3041 280 3123 terpolatos
297 3059 368 3102 esse
391 3049 635 3104 consentaneum
659 3049 717 3102 est.
749 3038 835 3119 quod
856 3038 996 3120 denique
1017 3038 1059 3100 ad
1078 3041 1191 3120 Legem

110 3130 281 3192 Romanam
303 3125 415 3206 Wisig.
439 3127 568 3203 attinet,
599 3145 790 3206 quamquam
817 3126 912 3188 huius
938 3123 1194 3205 compilatoribus

109 3233 126 3275 a
144 3233 219 3296 rege
232 3211 356 3276 Alarico
372 3211 583 3293 interpolandi
595 3211 726 3274 facultas
740 3209 813 3274 data
829 3231 892 3275 uon
909 3223 966 3290 est,
985 3211 1084 3274 nihilo
1095 3213 1195 3292 magis

109 3311 216 3364 tamen
226 3317 336 3363 eorum
349 3297 382 3360 in
394 3297 558 3362 tradendis
568 3299 736 3360 sententiis
748 3297 826 3360 fides
838 3295 1035 3362 dubitatione
1049 3306 1195 3377 exempta
1258 3364 1261 3372 Δ

108 3396 169 3450 est.
203 3385 259 3467 qui
273 3393 497 3465 praeterquam
513 3383 598 3466 quod
619 3382 660 3445 ad
677 3385 707 3462 l,
725 3385 776 3464 Rl,
800 3386 837 3444 l0
854 3384 998 3448 ordinem
1020 3385 1196 3446 sententia·
1231 3393 1233 3398 ’

110 3491 183 3534 rum
204 3479 424 3549 mutauerant,
449 3479 631 3542 acontextu
653 3489 762 3532 earum
778 3489 889 3532 manus
904 3489 966 3534 non
989 3471 1082 3550 plane
1097 3469 1196 3531 absti-

108 3566 269 3624 nuerunt,
294 3555 351 3620 scd
372 3556 547 3620 mutilando
567 3557 677 3618 saltem
694 3575 747 3618 cos
769 3557 888 3637 aliquot
909 3557 1081 3620 sententias
1096 3556 1196 3615 inter-

109 3644 188 3706 dum
210 3661 340 3724 pessum
362 3641 489 3704 dedisse
505 3641 546 3704 ad
563 3643 592 3720 4,
613 3642 641 3720 4,
661 3644 692 3703 2.
712 3644 742 3720 4,
762 3644 792 3722 4,
811 3644 841 3704 3.
862 3644 891 3720 4,
911 3643 962 3718 24,
983 3643 1012 3701 4.
1034 3642 1071 3700 44
1093 3641 1196 3720 palam
1300 3658 1303 3666 ¹

23 3759 25 3766 ·
111 3728 199 3810 est1)
220 3727 425 3808 quamobrem
442 3727 575 3790 dubium
592 3737 650 3806 est,
671 3738 777 3790 utrum
796 3730 823 3808 4,
844 3730 873 3804 9,
893 3726 974 3801 2.’3,
994 3727 1023 3805 6,
1044 3725 1095 3803 45,
1113 3744 1195 3807 quae

116 3885 163 3897 υνυ
168 3885 193 3897 vx
199 3885 225 3897 vx
229 3884 271 3896 ΛΝ*
275 3883 319 3896 mv·
326 3883 385 3895 *wmn
390 3883 615 3896 νΧΑΑΛ(κΛΛΛΛΛνΛΛΛι
620 3879 1195 3896 χΑΛΛΛΛΛΛΛΛΛΛΛΛΛΛΛΛΛΛΛΛΛΛΛΑΛΜψκικΛΛΛΛΛΛ

181 3968 199 4033 ¹)
222 3967 345 4019 Eandem
358 3966 471 4018 fortasse
485 3967 520 4018 ob
534 3982 644 4019 causam
658 3970 685 4018 in
701 3973 723 4028 t,
740 3972 764 4027 t,
781 3971 790 4015 4
808 3965 924 4017 uerbum
937 3965 1043 4016 finitum
1056 3964 1197 4018 desidem·

110 4042 170 4171 dmg
196 4040 295 4156 {erptrp
309 4036 598 4156 gipparporpppotius
615 4037 741 4090 socordia
759 4035 898 4087 mutilatae
916 4034 961 4084 uel
979 4036 1123 4098 corruptae
1136 4035 1199 4084 sunt
