2926 4888
525 342 611 354 ...-
654 309 694 371 79
738 343 823 354 .-..
885 347 887 350 .
1046 307 1209 368 Paul.li,tt

68 497 109 557 43
131 506 163 560 44
178 497 313 573 4444444,
340 515 413 566 eum
435 514 562 576 quoque
585 495 659 559 iurti
676 497 797 558 actione
820 497 921 558 teneri
944 497 1087 577 placuit]
1127 496 1214 558 Furti

131 581 291 646 manifesti
307 583 386 644 actio
401 591 528 662 praeter
543 581 715 662 quadrupli
734 601 868 663 poenam
884 583 984 663 ipsius
1001 583 1048 643 rei
1063 600 1215 662 persecu-

68 669 109 730 44
131 670 251 730 tionem
272 687 391 748 genere
411 666 635 730 uindicatiouis
658 677 690 730 et
711 668 917 730 condictionis
939 671 1088 730 continet.
1127 668 1214 729 Furti

132 755 275 834 concepti
295 755 374 817 actio
397 751 569 816 †aduersus
591 773 663 816 eum
686 755 742 835 qui
754 754 873 818 obtulit
893 755 979 834 tripli
1003 764 1051 816 est
1065 771 1168 834 poena
1183 764 1215 815 44

69 840 111 900 45
131 841 233 921 ipsius
254 841 301 902 rei
322 840 481 920 repetitio.
524 841 611 901 Furti
634 859 833 922 quocumque
855 858 972 921 genere
988 839 1215 902 condemnatus
1233 850 1247 896 4

68 927 110 986 46
131 925 270 989 famosus
291 925 438 988 efficitur.
478 927 702 1006 Quaecumque
719 927 751 988 iu
775 945 916 1007 caupona
930 926 983 988 uel
1000 927 1032 986 in
1051 925 1214 988 meritorio

130 1009 256 1074 stabulo
285 1011 501 1074 diuersorioue
530 1013 699 1093 perierint,
726 1013 759 1074 in
786 1013 977 1074 exercitores
1002 1030 1110 1074 eorum
1136 1009 1213 1072 furti

70 1096 110 1158 47
129 1100 211 1184 actio
234 1099 393 1179 competit.
434 1096 560 1160 *Sires
586 1097 719 1178 uendite
741 1107 813 1161 ante
834 1097 1035 1160 traditionem
1062 1097 1212 1177 subrepta

130 1183 201 1261 *sit,
222 1194 343 1264 emptor
358 1192 390 1246 et
405 1183 554 1246 uenditor
568 1184 643 1246 furti
658 1203 750 1264 agere
765 1193 916 1265 possunt:
941 1185 1110 1264 utriusque
1127 1185 1212 1245 enim

68 1271 110 1330 48
129 1269 284 1332 *interest
300 1289 368 1331 rem
383 1268 466 1332 tradi
483 1270 535 1330 uel
549 1269 686 1332 tradere.
712 1271 746 1332 si
762 1269 840 1350 quid
856 1271 888 1332 in
903 1288 985 1332 naue
1002 1279 1110 1332 rateue
1126 1271 1213 1350 peri·
1233 1279 1262 1325 44

69 1357 109 1415 49
130 1355 227 1435 *erit,
254 1354 328 1418 furti
346 1357 426 1418 actio
447 1356 481 1416 in
496 1357 704 1419 exercitorem
720 1357 812 1419 nauis
833 1354 959 1418 datur*
994 1357 1070 1417 Item
1087 1357 1212 1437 pignori

128 1442 235 1504 datam
257 1441 383 1503 debitor
402 1441 552 1504 creditori
572 1441 787 1506 subtrahendo
809 1440 928 1506 furtum
951 1440 1041 1503 iacit:
1068 1461 1161 1522 quam
1186 1442 1212 1502 si

64 1529 108 1589 20
129 1538 162 1590 et
178 1529 247 1610 ipse
264 1528 409 1590 similiter
424 1529 573 1606 amiserit,
594 1547 649 1590 suo
665 1529 792 1590 uomina
808 1529 958 1608 persequi
973 1537 1086 1609 potest.
1123 1529 1214 1588 Pater

128 1614 183 1676 uei
199 1613 346 1676 dominus
361 1612 401 1676 de
418 1633 455 1677 ea
471 1633 523 1692 re,
549 1632 631 1694 quae
647 1614 710 1675 filio
733 1613 867 1678 familias
882 1614 935 1676 uel
951 1633 1045 1676 seruo
1060 1612 1211 1694 subrepta

128 1709 193 1779 est,
220 1698 297 1762 furti
319 1718 413 1780 agere
434 1709 553 1780 potest:
583 1700 716 1762 interest
738 1700 823 1762 enim
847 1700 877 1762 ei
900 1698 1020 1761 deferri
1042 1701 1209 1778 actionem,
1232 1709 1261 1754 44

64 1786 103 1848 at
128 1787 184 1865 qui
201 1786 241 1849 de
264 1787 386 1867 peculio
402 1787 599 1848 conuenitur.
639 1787 673 1848 si
689 1805 774 1865 rem,
794 1805 888 1866 quam
904 1785 963 1847 tibi
980 1784 1208 1863 commendaui,

129 1880 239 1952 postea
261 1871 424 1952 subripui,
451 1867 526 1934 furti
549 1872 627 1935 actio
649 1881 828 1952 competere
846 1871 903 1932 tibi
926 1889 990 1933 non
1006 1871 1138 1952 poterit:
1165 1873 1213 1932 rei

65 1959 110 2020 22
129 1958 216 2018 enim
245 1967 370 2020 nostrae
396 1956 515 2020 furtum
544 1956 647 2020 iacere
674 1976 737 2019 non
768 1969 944 2039 possumus.
990 1956 1069 2030 *Qui
1092 1956 1211 2019 furtum

129 2041 351 2123 *quaesiturus
363 2053 422 2124 est,
440 2054 610 2124 antequam
622 2053 764 2124 quaerat,
783 2043 880 2105 debet
890 2042 1010 2123 dicere,
1024 2043 1103 2124 quid
1114 2063 1213 2124 quae-

65 2131 108 2192 23
129 2127 209 2208 *rat,
228 2139 260 2191 et
275 2148 342 2191 rem
358 2149 414 2192 suc
431 2131 557 2192 nomine
578 2140 610 2193 ct
625 2149 683 2192 sua
704 2130 810 2210 specie
833 2127 1034 2210 designare*
1070 2130 1121 2208 Si,
1140 2149 1210 2190 cum
1231 2141 1261 2186 ao

130 2214 248 2277 ssrrtum
265 2217 336 2295 quis
352 2217 495 2296 quaerit,
514 2215 665 2278 damnum
685 2216 821 2278 iniuriae
837 2215 977 2293 dederit,
997 2216 1118 2278 actione
1134 2215 1212 2294 legis

18 2299 276 2385 2i(25]Aquiiiae
291 2301 463 2364 tenebitur.
489 2303 564 2364 Siue
580 2321 670 2382 seges
685 2321 745 2383 per
760 2301 880 2363 furtum
898 2303 966 2364 siue
984 2301 1144 2382 quaelibet
1159 2321 1212 2363 ar-

130 2386 226 2448 bores
237 2406 347 2450 caesae
359 2388 432 2466 sint,
452 2389 485 2448 in
497 2387 629 2468 duplum
642 2390 710 2450 eius
721 2388 768 2450 rei
784 2389 911 2449 nomino
924 2407 997 2450 reus
1009 2389 1207 2450 conuenitur.

19 2473 180 2557 25(2i)0b
192 2473 344 2536 indicium
356 2473 647 2554 comprehendendi
663 2474 743 2536 furis
754 2475 929 2554 praemium
941 2474 1129 2554 promissum
1142 2476 1212 2534 iure

66 2562 109 2622 26
129 2557 276 2622 debetur.
316 2559 369 2621 *Si
383 2579 511 2622 seruum
526 2579 724 2623 communem
739 2561 811 2640 quis
827 2559 949 2622 iuratus
964 2561 1015 2638 sit,
1033 2560 1115 2622 socio
1131 2577 1211 2640 quo·
1230 2571 1261 2617 44

65 2645 110 2710 27
129 2643 213 2726 *que
236 2647 316 2708 actio
338 2645 414 2708 furti
437 2645 576 2708 dabitur.
622 2647 682 2719 Qui
709 2665 768 2726 pro
790 2645 940 2708 derelicto
966 2665 1033 2707 rem
1054 2646 1210 2708 iacentem

128 2729 324 2812 *occupauit
343 2731 462 2794 furtum
474 2751 537 2793 uon
550 2733 724 2810 committit,
742 2734 867 2793 tametsi
878 2753 896 2794 a
908 2731 1034 2793 domino
1044 2750 1105 2792 non
1116 2730 1211 2792 dere-

65 2820 111 2880 28
128 2815 315 2897 *linquendi
331 2819 434 2880 animo
447 2818 557 2882 relicta
570 2819 622 2880 sit.
646 2819 679 2879 Si
694 2836 807 2880 seruus
819 2817 938 2880 furtum
951 2817 1140 2899 ieceriteum
1154 2816 1212 2877 do-

129 2901 252 2982 *miuo,
276 2913 404 2984 praeter
425 2904 472 2966 rei
488 2903 716 2965 condictionem
733 2903 809 2964 furti
825 2904 905 2965 actio
920 2905 953 2964 in
976 2903 1135 2965 dominum
1152 2902 1210 2965 da-

64 2993 110 3052 49
128 2987 212 3050 *tun
252 2989 339 3051 Fullo
360 2999 391 3051 et
407 2990 594 3068 sarcinator,
612 2991 676 3070 ¹qui
692 2988 840 3070 poliendo
854 2991 907 3052 uel
928 2988 1093 3052 sarcienda
1108 2990 1209 3051 uesti-
1226 3001 1258 3046 ao

128 3073 255 3138 *menta
271 3076 408 3156 accepit,
433 3078 460 3138 si
481 3075 560 3137 foite
577 3076 627 3137 his
642 3085 764 3153 utatur,
785 3093 825 3136 ex
840 3075 1083 3137 contrectatione
1098 3094 1207 3137 eorum

130 3263 597 3278 MMMAMAAflvaxAMJmeMflAw
603 3263 931 3276 rmnnnnssntxntxmvvwmtvvw
937 3263 1123 3276 fvththxtvxm*
1129 3264 1150 3276 m
1181 3266 1187 3274 N

199 3371 242 3428 44,
257 3371 333 3416 ⁴5=
349 3366 493 3427 04444445,
509 3369 559 3428 5,4
598 3366 609 3429 n
645 3371 686 3428 st,
703 3371 743 3416 47.
760 3367 838 3416 itere
854 3368 987 3417 Vesontino
1002 3371 1115 3419 restitnit
1130 3369 1208 3420 Ceio-

129 3436 209 3486 44444.
221 3449 244 3486 4.
275 3435 287 3498 il
316 3439 415 3495 4442.
430 3438 530 3485 46-48
544 3449 579 3486 eac
595 3436 728 3504 Vesontino
739 3437 852 3486 restituit
865 3435 985 3486 Cnincius
996 3437 1013 3486 4.
1023 3451 1046 3486 4.
1078 3437 1089 3500 ΙΙ
1118 3441 1207 3498 3444

130 3507 193 3553 -34
210 3523 242 3546 =
256 3504 316 3568 Dia.
331 3506 373 3566 44,
388 3507 413 3564 4,
428 3507 458 3553 83
469 3517 512 3566 pr.
533 3503 545 3569 4
561 3509 584 3555 4.
599 3508 628 3554 t:
653 3504 774 3555 04444444
792 3518 836 3554 444
854 3505 900 3554 444
914 3507 968 3555 4444
979 3508 1007 3555 44
1022 3506 1155 3556 Vesontino
1165 3509 1207 3555 44-

128 3575 208 3632 44444,
222 3578 336 3623 ettamen
348 3575 375 3621 44
385 3574 550 3624 restituendis
562 3575 600 3623 444
610 3587 662 3622 non
672 3575 776 3624 44444444
788 3576 839 3623 4444
852 3573 963 3638 Dipestis
974 3588 1038 3624 4444
1050 3588 1104 3624 4444

129 3725 545 3742 ,ΑΛΛΛΛΛΙῚΜΜΜΛΛΛΛΛΛΛΛΜΜΑ
549 3727 561 3738 Α
566 3727 577 3739 Α
581 3726 925 3740 ΜΛΛΛΙΝΝΝΛΛΛΛΛΙΝΝῚΛΛΛΛΛΛ
929 3728 1004 3740 ΑΛΛΛΛ
1008 3728 1067 3740 ΑΛᾹΙ*
1072 3729 1175 3740 ΛΛΜΛΙῚΆ
1179 3729 1207 3740 Fa*

198 3850 212 3894 4
232 3846 375 3910 quadrupli
389 3859 502 3910 poenam
516 3850 622 3910 praeter
635 3847 751 3897 Huschke
785 3848 796 3911 41
832 3851 844 3896 4
866 3849 999 3912 concepti]
1018 3848 1158 3897 4444444444
1177 3863 1208 3897 44

129 3928 195 3976 quoe
206 3920 349 3976 sequnntur
361 3920 385 3965 44
399 3915 637 3976 interpretationem
649 3921 767 3977 44444444
785 3917 877 3966 oblati:
898 3918 976 3966 444444
989 3921 1076 3966 tomen
1087 3919 1208 3966 4444444444

130 3985 212 4045 intere
222 3985 312 4034 444444
323 3987 404 4045 ipsius
416 3987 455 4033 rei
467 3986 593 4046 repetitio,
613 3997 678 4045 quae
690 3998 742 4033 non
751 3990 835 4046 potest
848 3987 871 4034 ei
882 3989 1031 4046 contpetere,
1051 3986 1121 4046 opud
1133 3998 1207 4046 quern

127 4051 227 4114 4444444
239 4057 386 4114 conceptum
397 4057 435 4102 444
463 4053 474 4114 11
505 4052 682 4102 4444444444
697 4052 758 4104 eon.
790 4054 801 4115 11
831 4054 1167 4103 47444444.41444444444
1198 4051 1208 4119 ΙΙ

131 4124 160 4170 48
181 4122 274 4172 relicta
286 4123 322 4170 sit
333 4123 396 4170 duce
410 4121 537 4188 Hnscititio
549 4123 709 4182 scripsimus,
724 4123 846 4173 relictam
864 4123 1012 4172 Vesontinns
