2922 4898
268 345 327 410 Vip.
342 347 373 396 44
658 377 745 388 ...-
788 345 828 407 30
873 375 960 387 ...-

268 534 364 595 tacite
599 551 734 594 scurrae
752 529 910 604 wi
928 549 1018 592 naurs
1257 549 1358 593 nour-

269 638 328 680 rmr
343 637 429 698 nare,
449 617 578 680 heredis
594 619 704 680 electio
721 627 778 698 est,
796 635 883 700 quem
898 617 976 678 uelit
992 615 1078 678 dare.

211 705 249 764 ii
354 702 436 766 Ante
460 703 585 766 heredis
606 705 834 766 institutionem
855 703 954 784 legari
976 719 1038 764 uon
1061 711 1182 782 potest,
1205 705 1358 782 quoniam
1454 713 1455 718 ’

212 792 250 850 46
269 793 318 852 uis
334 801 365 852 et
381 799 518 871 potestas
533 793 712 852 testamenti
730 789 770 851 ab
785 789 912 851 heredis
927 789 1121 851 institutione
1135 789 1258 868 incipit.
1287 791 1358 850 Post

270 886 402 938 mortem
424 875 554 937 heredis
570 877 668 956 legari
691 895 752 937 non
768 884 887 956 potest,
907 894 948 936 ne
965 874 1005 935 ab
1021 872 1149 935 heredis
1171 873 1292 936 herede
1310 875 1359 936 le·
1378 891 1391 934 5

269 964 335 1044 gari
353 962 517 1041 uideatur,
537 962 623 1042 quod
639 963 717 1024 iuris
731 961 834 1024 ciuilis
851 962 930 1022 ratio
951 979 1013 1022 non
1030 963 1159 1040 patitur.
1196 962 1229 1021 iu
1244 962 1360 1022 mortis

268 1057 375 1112 autem
391 1047 517 1110 heredis
532 1057 658 1128 tempus
674 1049 773 1127 legari
787 1055 900 1128 potest,
918 1047 1007 1108 uelut
1023 1065 1079 1106 cru
1092 1065 1180 1108 uuass
1191 1065 1356 1108 sommus.

212 1134 250 1195 tt
355 1137 474 1196 Poenae
491 1153 584 1196 causa
600 1135 697 1214 legari
713 1153 775 1196 uon
791 1142 903 1214 potest.
936 1151 1057 1214 poenae
1073 1141 1178 1194 autem
1194 1151 1289 1194 causa
1305 1133 1359 1194 le-

270 1229 361 1301 gatur
376 1219 460 1300 quod
475 1220 641 1281 coercendi
654 1219 781 1282 heredis
796 1238 892 1280 ceusu
904 1220 1105 1298 relinquitur,
1123 1227 1159 1280 ut
1175 1218 1268 1280 iaciat
1279 1219 1360 1298 quid

270 1316 324 1368 aut
339 1325 402 1367 non
417 1306 526 1382 iaciat,
553 1325 615 1366 non
638 1316 673 1368 ut
689 1307 730 1367 ud
752 1306 935 1386 legatarium
951 1307 1123 1385 pertineat,
1148 1314 1184 1366 ut
1206 1315 1283 1385 puta
1299 1306 1359 1366 hoc
1379 1321 1407 1364 to

270 1391 378 1454 modo:
405 1410 430 1452 sr
452 1410 549 1454 surm
565 1411 643 1452 urm
666 1410 696 1453 ru
711 1409 894 1454 usrnmorro
909 1393 995 1452 Trrro
1012 1407 1237 1469 coimmunis,
1257 1409 1358 1452 nuces

270 1500 356 1540 utrm
373 1479 443 1538 Suro
458 1497 548 1540 ntro.

213 1566 252 1625 48
356 1566 497 1626 Incertae
524 1581 675 1644 personae
701 1563 798 1642 legari
821 1581 884 1624 non
911 1571 1030 1643 potest,
1060 1562 1161 1624 ueluti
1188 1581 1358 1636 onerante

271 1669 346 1711 rnre
362 1669 418 1711 uso
429 1669 529 1711 utun
544 1669 618 1712 svau
635 1667 665 1709 us
676 1667 863 1710 urrmrmmo
877 1665 1104 1727 contemnum,
1123 1667 1151 1709 m
1163 1669 1265 1710 unare
1280 1671 1361 1710 unus

271 1755 423 1799 rourum
438 1755 529 1798 ntro.
555 1735 615 1798 sub
630 1743 715 1796 certa
730 1743 834 1796 tamen
850 1733 1114 1796 demonstratione
1126 1736 1265 1796 incertae
1282 1755 1360 1816 per·
1380 1752 1409 1794 ⁴5

272 1842 365 1884 sonae
381 1824 478 1903 legari
494 1831 613 1902 potest,
631 1821 720 1883 uelut
735 1839 770 1880 ux
787 1839 932 1881 coeurrrs
948 1838 1024 1899 usis,
1043 1840 1092 1894 Qu
1108 1839 1183 1882 uvsc
1200 1839 1288 1900 srur,
1309 1841 1358 1894 Qu

270 1929 378 1971 aarum
391 1928 429 1969 ru
444 1926 533 1969 rvrvs
549 1927 627 1968 mvn
642 1925 780 1984 vaurms,
799 1925 827 1966 ar
843 1925 932 1968 nunes
947 1926 1018 1968 uuus
1033 1926 1120 1968 tunm
1134 1925 1223 1967 niro.

214 1996 252 2054 tt
358 1997 466 2074 Neque
483 2013 522 2054 ex
537 1993 614 2054 falsa
630 1993 896 2054 demonstratione
919 2011 1022 2073 neque
1047 2013 1087 2054 ex
1109 1992 1185 2054 falsa
1201 1982 1296 2056 causa
1311 1994 1359 2054 lc-

273 2090 378 2160 gatum
395 2081 583 2142 infirmatur.
609 2079 685 2140 falsa
700 2079 925 2140 demonstratio
938 2089 985 2140 est
999 2080 1105 2142 uelut:
1125 2080 1211 2140 Trrro
1227 2099 1355 2158 rrunru,
1453 2087 1455 2130 t

273 2185 381 2238 orsus
398 2168 483 2227 Tute
500 2185 559 2244 um,
577 2183 617 2227 no
634 2184 726 2244 troo,
746 2185 817 2227 cum
833 2166 859 2226 is
878 2164 997 2227 fundus
1018 2185 1039 2227 a
1051 2165 1130 2226 Titio
1147 2175 1272 2245 emptus
1294 2185 1359 2226 non
1379 2179 1408 2223 ao

273 2255 323 2314 sit.
350 2252 426 2314 falsa
442 2271 535 2314 causa
552 2263 599 2313 est
614 2253 720 2313 uelut:
741 2253 837 2328 Tum,
857 2269 990 2322 oronim
1005 2271 1130 2314 uaeorn
1145 2270 1201 2312 usa
1217 2271 1357 2330 evurvrr,

273 2358 388 2401 rvunvu
403 2357 443 2400 no
460 2357 547 2416 troo,
566 2348 602 2400 ut
617 2340 741 2417 negotia
758 2338 827 2398 eius
842 2355 1016 2416 numquam
1032 2338 1133 2399 Titius
1146 2348 1300 2399 curasset.

214 2427 253 2484 io
359 2423 385 2485 Α
400 2427 550 2504 legatario
567 2425 663 2504 legari
678 2443 741 2484 non
758 2433 869 2503 potest.

214 2513 248 2572 ut
359 2514 509 2590 Legatum
531 2510 624 2571 abeo
646 2518 767 2572 tantum
789 2510 857 2571 dari
873 2516 993 2588 potest,
1018 2510 1076 2588 qui
1092 2509 1178 2570 heres
1201 2509 1361 2571 institutus

274 2605 332 2658 est:
359 2596 495 2676 ideoque
515 2596 578 2658 filio
594 2596 730 2658 familiae
752 2594 871 2656 herede
888 2597 1031 2657 instituto
1059 2596 1113 2656 uel
1137 2613 1230 2656 seruo
1252 2614 1360 2674 neque
1379 2610 1410 2654 st

279 2757 282 2760 -
288 2751 688 2765 (ΝιΜΜΜΝνᾺΙΧΝΧΙῊνΜνἋ

345 2859 354 2904 4
376 2855 458 2906 tacite
469 2856 497 2904 iu
511 2855 591 2904 litura
603 2856 707 2915 scripsit
722 2851 755 2904 Cb
769 2855 873 2913 (munus
885 2854 996 2912 attera):
1014 2855 1043 2904 iu
1061 2855 1222 2915 sequentibus
1235 2853 1363 2904 librarius

273 2925 309 2974 ui
319 2937 406 2974 uacua
418 2926 505 2984 spatia
516 2924 633 2984 reliquit,
653 2924 697 2972 ubi
712 2935 759 2971 uos
772 2923 879 2972 tiueotas
891 2924 1063 2984 inseruimus,
1083 2936 1178 2972 manus
1190 2927 1279 2972 autem
1290 2936 1361 2972 saec.

277 2993 340 3042 XVI
349 2994 434 3042 tintus
446 2995 474 3042 iu
490 2993 509 3044 C
521 2995 558 3042 sic
570 2993 684 3054 carpteuii
695 2993 775 3040 tacite
786 2989 790 3054 1
802 2991 949 3053 legauerim
962 2993 1020 3040 titio
1033 2991 1173 3041 hominem
1185 2994 1231 3040 aut
1244 2989 1343 3050 decem
1357 2987 1361 3057 1

275 3062 354 3111 heres
376 3074 452 3110 meus
474 3061 537 3111 dato
560 3061 699 3110 hominem
720 3059 795 3109 dare.
825 3063 933 3120 propius
951 3062 985 3110 ud
1008 3060 1111 3121 the’aut
1127 3062 1280 3109 seutentiam
1298 3061 1364 3110 tuce

275 3131 436 3180 Luchmuuui
448 3133 576 3180 restitutio
589 3131 708 3179 accedat:
729 3132 755 3178 et
773 3131 795 3179 si
814 3130 895 3178 tacite
913 3129 975 3179 data
993 3131 1028 3178 sit
1041 3131 1113 3194 optio
1127 3129 1179 3178 hoc
1192 3129 1274 3178 modo
1288 3129 1364 3178 Tuto

251 3214 253 3220 ·
276 3211 392 3248 nonnum
411 3211 444 3246 no
462 3211 538 3250 nuno.
571 3199 593 3247 si
611 3211 678 3248 uero
690 3211 739 3262 per
751 3197 962 3256 damnationem,
981 3197 1058 3248 uelut
1075 3212 1156 3248 anans
1174 3211 1239 3247 usus
1258 3210 1364 3248 causas
1453 3253 1455 3270 1

276 3279 337 3316 asro
350 3279 466 3317 nonnum
479 3280 546 3316 naas
563 3263 574 3334 41
596 3270 610 3314 2
624 3269 705 3330 quem
721 3265 851 3328 Cuiaeius,
865 3280 950 3316 uacuo
962 3269 1045 3330 spatio
1057 3269 1146 3317 relicto
1158 3280 1208 3316 out.
1226 3266 1254 3327 C,
1270 3268 1323 3316 nisi
1333 3267 1365 3316 'X
1454 3277 1455 3296 ³

276 3338 304 3385 iu
320 3335 672 3395 Cudseripsttruuuussuec.
689 3335 753 3385 XVI
783 3331 793 3400 11
829 3335 963 3384 therede
981 3337 1149 3386 institutione
1171 3335 1365 3396 Giemeudauit
1454 3323 1455 3352 ³

276 3417 370 3452 marius
388 3417 456 3453 saec.
473 3404 543 3464 XVI)
579 3403 588 3467 11
625 3405 700 3454 tuis
722 3403 931 3466 Cauueuieterus,
952 3404 1044 3454 om.C
1078 3401 1088 3470 41
1123 3404 1366 3454 institutionemC

277 3471 386 3534 (emcud.
400 3473 606 3532 mauusreeeus)
633 3468 643 3538 11
669 3473 740 3536 tin]
755 3472 815 3522 etC
841 3471 850 3538 11
879 3476 892 3520 7
913 3475 1043 3523 morietur
1056 3474 1214 3532 Lachmann,
1228 3474 1366 3522 moriatur

280 3541 299 3592 C
327 3539 337 3607 11
366 3541 582 3611 tcausaotu.G
610 3537 619 3605 44
648 3541 1020 3605 quidCutueius,quidemC
1046 3538 1056 3608 11
1088 3542 1228 3592 ttadom.
1247 3541 1267 3592 C
1288 3537 1298 3607 41
1322 3542 1366 3592 le·

278 3613 400 3674 getarum
417 3609 436 3660 0
458 3609 468 3675 44
493 3613 519 3658 44
537 3609 633 3658 decem
645 3611 720 3660 milia
738 3611 826 3671 Titius,
841 3611 948 3660 decemi
965 3611 1073 3668 (decimi
1089 3608 1130 3672 Cb)
1146 3615 1265 3672 sequente
1277 3625 1365 3660 uacuo

278 3682 360 3741 spatio
373 3679 392 3729 G
399 3696 406 3726 :
418 3691 513 3728 merrus
522 3691 613 3728 receus
621 3679 726 3729 iuduoeit
735 3680 835 3728 litteras
844 3681 882 3728 mi
893 3684 917 3729 et
925 3693 1039 3728 uacuum
1049 3682 1163 3740 spurius
1174 3681 1253 3729 uerbo
1266 3679 1366 3729 decem

278 3750 392 3810 amplectit
415 3744 425 3814 14
449 3751 478 3796 ts
498 3747 648 3812 personaC
670 3743 680 3814 11
705 3750 734 3796 44
754 3747 840 3797 fitium
853 3747 980 3798 meumG
1001 3744 1012 3813 11
1035 3748 1113 3798 heres
1125 3761 1202 3798 meus
1216 3748 1364 3812 Setuttiugy,

278 3817 383 3867 homini
400 3817 420 3868 C
452 3813 462 3883 41
498 3820 528 3866 ts
548 3818 587 3866 tot
598 3816 673 3866 milia
691 3817 778 3877 Titius,
793 3818 832 3865 tot
844 3819 880 3866 mi
895 3822 1014 3878 sequente
1025 3831 1110 3866 uacuo
1122 3820 1205 3878 spatio
1220 3816 1239 3866 0
1248 3833 1254 3864 :
1268 3831 1366 3867 munus

278 3887 375 3935 saecuti
388 3886 452 3936 XVI
466 3888 506 3936 tot
517 3886 555 3934 mi
566 3887 671 3934 induxit
683 3890 706 3934 et
719 3890 827 3935 centum
840 3887 970 3936 substituit
997 3881 1008 3952 41
1037 3888 1139 3936 incerta
1154 3885 1187 3936 0²
1215 3881 1225 3950 14
1255 3889 1285 3934 tt
1306 3889 1367 3951 pri·
1454 3891 1455 3898 ’

279 3969 340 4005 mus
354 3955 490 4018 Boecktuq,
505 3955 593 4018 primo
610 3954 629 4004 G
656 3952 666 4021 41
697 3957 727 4002 49
746 3953 870 4016 fundum]
891 3957 1034 4016 requiritur
1046 3957 1110 4004 certi
1121 3955 1196 4016 suedi
1209 3957 1364 4017 desiccatio,

278 4037 344 4084 quae
355 4025 467 4086 fortusse
477 4027 505 4074 iu
517 4037 574 4073 uoc.
589 4024 647 4073 titio
662 4025 723 4073 tutet
748 4019 758 4089 41
785 4026 816 4070 ii
835 4027 866 4072 ut
881 4023 908 4083 Ο,
922 4036 983 4072 curn
1001 4023 1121 4072 Cutaeius
1147 4023 1156 4086 11
1185 4025 1217 4071 it
1237 4023 1318 4073 abeo
1334 4025 1365 4085 C,

279 4093 304 4140 ei
318 4095 463 4142 emcndauit
473 4106 568 4142 munus
580 4105 669 4142 reeens
697 4087 707 4158 4
736 4092 815 4142 heres
828 4093 966 4142 institutus
980 4095 1020 4141 est
1033 4092 1164 4141 Huschke:
1178 4095 1205 4140 tu
1219 4091 1238 4142 G
1250 4097 1365 4154 spatium

278 4174 392 4210 uacuum
403 4162 522 4211 reticium
534 4167 586 4220 est,
601 4163 668 4222 quod
678 4174 773 4210 mauus
785 4174 852 4212 suec.
869 4161 894 4209 X
898 4161 932 4210 VI
940 4163 1026 4210 uerbis
1039 4165 1183 4211 extraneus
1196 4164 1238 4210 est
1250 4163 1366 4222 cuptcuu
