2922 4898
485 361 571 374 .-.
618 329 654 389 17
700 363 785 373 ..-
1013 331 1073 395 vlp.
1090 335 1179 380 tum

97 521 174 598 (ipse
199 519 285 580 enim
308 526 393 579 tutor
409 518 442 578 in
463 536 530 579 rem
553 535 643 578 suam
664 526 773 579 auctor
795 517 864 579 fieri
885 538 948 580 non
964 523 1097 601 potest),
1124 522 1178 601 qui

90 605 269 684 praetorius
284 613 370 665 tutor
382 602 509 683 dicitur,
528 605 603 683 quia
618 623 638 664 o
652 612 797 684 praetore
809 603 900 666 urbis
916 605 985 667 dari
1001 607 1177 668 consueuit.

33 691 71 751 25
178 690 374 770 Pupillorum
395 689 653 770 pupillarumque
675 698 795 751 tutores
818 699 850 751 et
870 695 995 772 negotia
1018 701 1132 772 gerunt
1148 702 1180 754 et

91 776 312 839 auctoritatem
324 777 549 856 interponunt:
568 776 737 837 mulierum
754 785 858 837 autem
874 786 995 838 tutores
1010 780 1180 840 auctorita-

33 865 71 924 26
90 874 155 924 tem
178 861 344 924 dumtaxat
369 865 586 942 interponunt.
625 863 658 924 Si
680 862 790 942 plures
811 870 886 923 sunt
909 873 1047 944 tutores,
1071 879 1213 926 omneso

91 951 125 1009 in
141 950 228 1009 omni
244 967 279 1009 re
296 947 413 1010 debent
428 949 641 1009 auctoritatem
662 946 897 1010 accommodare
914 960 1040 1030 praeter
1056 953 1178 1030 eosqui

91 1041 270 1097 testamento
286 1033 352 1096 dati
369 1042 456 1096 sunt:
475 1053 548 1095 uam
565 1053 605 1094 ex
620 1033 670 1094 his
684 1034 850 1095 uelunius
864 1037 1032 1097 auctoritas
1047 1034 1175 1098 sufficit.

34 1123 71 1182 27
179 1121 304 1182 Tutoris
325 1121 494 1182 auctoritas
512 1120 692 1182 necessaria
715 1129 763 1180 εει
784 1120 971 1184 mulieribus
993 1121 1124 1202 quidem
1145 1123 1178 1182 in

90 1207 141 1267 his
159 1206 275 1267 rebus:
300 1207 327 1267 si
343 1207 412 1286 lege
434 1215 488 1267 aut
503 1206 643 1285 legitimo
666 1205 783 1267 iudicio
798 1201 907 1286 agant,
933 1209 959 1269 si
976 1227 1010 1270 se
1026 1208 1176 1288 obligent,

90 1294 118 1353 si
139 1292 236 1354 ciuile
252 1295 413 1372 negotium
428 1302 549 1372 gerant,
568 1295 594 1352 si
610 1290 744 1354 libertae
760 1311 835 1354 suae
853 1296 1040 1373 permittant
1054 1295 1088 1354 in
1104 1313 1179 1355 cou-
1198 1308 1228 1353 to

89 1378 242 1440 tubernio
258 1379 354 1439 alieni
370 1379 455 1440 serui
471 1378 596 1455 morari,
615 1379 641 1438 si
659 1396 725 1438 rem
739 1379 891 1458 mancipii
904 1380 1054 1442 alienent.
1072 1380 1179 1460 pupil-

90 1466 129 1526 lis
141 1473 250 1526 autcm
262 1465 320 1525 hoc
331 1465 467 1545 amplius
482 1464 576 1525 etiam
588 1465 622 1525 in
636 1482 743 1526 rerum
755 1483 814 1526 nec
826 1466 974 1546 mancipii
991 1466 1178 1527 alienatione

79 1553 206 1612 tutoris
221 1551 404 1612 auctoritate
419 1569 497 1630 opus
514 1559 572 1611 εει.

34 1635 71 1694 28
177 1635 369 1698 Liberantur
390 1637 488 1698 tutela
509 1636 640 1697 masculi
665 1635 795 1716 quidem
817 1636 997 1716 pubertate.
1022 1636 1177 1717 puberem

90 1733 198 1785 autem
215 1722 355 1783 Cassiani
371 1721 501 1803 quidem
523 1741 596 1783 eum
613 1740 682 1782 esse
697 1721 818 1800 dicunt,
838 1725 892 1802 qui
908 1722 1020 1784 habitu
1036 1725 1175 1803 corporis
1195 1737 1225 1784 ⁴5

88 1808 194 1890 pubes
210 1818 354 1888 apparet,
373 1808 406 1870 id
422 1810 539 1888 estqui
556 1825 705 1888 generare
721 1809 836 1888 possit:
862 1809 1056 1870 Proculeiani
1071 1817 1177 1870 autem

90 1915 181 1974 eum,
201 1895 258 1975 qui
275 1893 527 1975 quattuordecim
542 1913 642 1955 annos
657 1894 814 1974 expleuit:
839 1913 950 1956 uerum
967 1896 1090 1956 Priscus
1106 1913 1176 1956 eum

91 1981 247 2060 puberem
266 2000 354 2059 esse,
381 1982 413 2041 in
430 1999 526 2061 quem
548 1990 721 2060 utrumque
738 1982 897 2042 concurrit
913 1989 945 2042 ει
965 1980 1092 2042 habitus
1107 1999 1176 2041 cor-

90 2070 177 2148 poris
199 2078 231 2129 et
253 2086 406 2128 numerus
427 2085 592 2128 annorum.
630 2065 765 2128 feminae
787 2076 893 2128 autem
915 2067 1013 2128 tutela
1035 2066 1177 2129 liberan-

90 2164 167 2216 tur.
190 2201 197 2214 .
218 2199 257 2215 ..
1195 2167 1227 2212 20

459 2342 509 2422 [ευ
548 2361 586 2401 nu
608 2340 814 2421 ovuaromnvs]

58 2466 64 2518 1
178 2464 347 2524 Curatores
362 2472 415 2522 aut
431 2463 564 2542 legitimi
581 2473 666 2540 sunt,
686 2460 717 2522 id
734 2463 853 2541 estqui
870 2462 993 2542 exlege
1010 2461 1176 2524 duodecim

6 2603 7 2632 ἦ
91 2550 272 2611 tabularum
295 2547 427 2625 dantur,
446 2558 500 2609 aut
516 2549 693 2626 honorarii,
720 2546 753 2608 id
769 2558 815 2608 εει
831 2548 886 2626 qui
903 2568 921 2608 a
940 2558 1084 2628 praetore
1100 2567 1176 2609 con-

6 2677 7 2710 ss
52 2635 280 2698 istituuntur.
312 2637 373 2694 Lex
391 2632 556 2695 duodecim
578 2634 758 2695 tabularum
773 2632 928 2694 furiosum
945 2635 1085 2714 itemque
1101 2653 1176 2714 pro-

91 2722 219 2802 digum,
247 2721 298 2783 cui
319 2720 412 2781 bonis
435 2720 638 2781 interdictum
663 2729 726 2799 est,
756 2720 789 2780 in
811 2721 973 2781 curatione
994 2719 1083 2780 iubet
1106 2739 1174 2781 esse
1193 2730 1226 2778 ει

7 2809 9 2862 ι
52 2807 70 2866 3
91 2819 289 2887 agnatorum.
313 2804 340 2868 Α
355 2815 498 2887 praetore
515 2807 716 2868 constituitur
732 2815 868 2884 curator,
888 2823 983 2884 quem
999 2806 1066 2885 ipse
1081 2824 1175 2885 prae.-

7 2883 8 2918 ³
89 2905 140 2955 tor
160 2894 316 2971 uoluerit,
346 2891 506 2954 libertinis
531 2892 673 2973 prodigis
700 2892 839 2971 itemque
866 2891 1029 2970 ingenuis,
1059 2892 1177 2970 quiex

7 3007 8 3032 ι
91 2989 281 3042 testamento
302 2980 443 3059 parentis
469 2977 604 3040 heredes
626 2979 697 3039 facti
719 2978 799 3038 malo
823 2976 977 3055 dissipant
998 2975 1096 3038 bona:
1126 2977 1177 3038 his

91 3067 177 3128 enim
194 3085 235 3126 ex
251 3067 321 3144 lege
336 3075 461 3126 curator
473 3063 540 3125 dari
556 3083 618 3124 non
633 3072 766 3145 poterat,
785 3082 858 3125 curn
873 3063 1030 3142 ingenuus
1040 3061 1176 3144 ,quidem

91 3172 154 3214 non
177 3152 219 3214 ab
243 3153 405 3228 intestato,
430 3149 487 3212 sed
510 3169 548 3211 ex
569 3158 757 3212 testamento
780 3149 873 3210 heres
896 3147 995 3210 lactus
1018 3150 1059 3210 sit
1078 3150 1172 3229 patri,
1193 3161 1225 3208 to

91 3239 261 3300 libertinus
283 3247 388 3299 autem
404 3237 490 3298 nullo
506 3235 598 3297 modo
613 3238 694 3317 patri
720 3235 812 3296 heres
829 3236 898 3296 fieri
913 3236 1028 3314 possit,
1047 3236 1102 3314 qui
1117 3255 1177 3299 nec

91 3335 216 3405 patrem
242 3322 391 3385 habuisse
417 3323 562 3400 uidetur,
593 3342 663 3383 cum
690 3322 817 3382 seruilis
844 3323 984 3402 cognatio
1009 3322 1094 3383 nulla
1122 3324 1173 3384 sit.

54 3413 71 3470 l
92 3412 258 3473 Praeterea
280 3408 333 3471 dat
356 3419 531 3471 curatorem
558 3410 588 3469 ei
608 3409 720 3486 etiam,
750 3409 804 3487 qui
826 3427 930 3488 nuper
952 3407 1054 3487 pubes
1077 3407 1177 3470 lactus

92 3497 207 3558 idonee
221 3497 348 3576 negotia
363 3515 420 3557 sua
434 3497 517 3558 tueri
534 3513 597 3556 non
612 3502 725 3575 potest.

493 3685 504 3695 fx
513 3684 550 3696 εΛΛ
554 3686 566 3696 κε
570 3684 630 3696 mmm
635 3684 644 3692 r*
649 3684 676 3695 sm
680 3667 1176 3696 Mrmxtxnammvx1xAAmmvwv

160 3805 385 3870 Ξριεειετίεῃιιε
401 3805 477 3867 C,cf.
495 3805 553 3854 Gai.
569 3810 593 3862 l,
609 3807 657 3854 {84
683 3800 693 3870 ΙΙ
719 3801 833 3853 norm
860 3799 870 3869 ΙΙ
899 3802 1004 3853 urbano
1018 3801 1139 3863 Sclillinp
1167 3797 1178 3866 ΙΙ

93 3880 107 3924 o
125 3873 321 3926 auctoritatae
342 3870 352 3940 ll
376 3876 390 3921 t
405 3875 566 3923 testamento
579 3871 709 3932 Cuiooius,
724 3871 821 3922 tuncC
842 3867 853 3937 ll
876 3875 890 3920 8
904 3872 1076 3922 auotoritas*
1094 3867 1168 3930 (esti)

10 3961 11 3976 ι
92 3959 151 3996 nec.
169 3945 203 3995 0²
228 3941 238 4010 ΙΙ
264 3947 292 3992 ιι
315 3942 488 4007 mancipiae
512 3938 522 4008 ΙΙ
550 3945 579 3990 ta
599 3939 822 3991 auctoritatemC
846 3937 856 4005 11
883 3945 913 3989 ιι
932 3938 1173 4002 uerumlneratius

92 4014 165 4078 liupo
191 4009 201 4080 ll
227 4012 301 4075 eum]
316 4010 414 4061 cumC
438 4007 448 4076 ΙΙ
476 4013 506 4059 48
525 4010 593 4074 esse]
608 4023 667 4061 esse
680 4014 757 4075 putat
769 4010 863 4059 Vahlen
887 4005 897 4074 ΙΙ
922 4011 954 4056 2⁰
973 4009 1126 4058 seutentiam
1138 4019 1173 4056 ec·

94 4082 197 4144 Gotol,
213 4081 391 4142 toteepteas,
407 4079 611 4142 ctiofrotm
638 4076 648 4145 ll
678 4083 709 4127 26
722 4079 875 4142 agniturum
890 4077 922 4128 θ’
950 4074 961 4143 ll
987 4081 1020 4126 27
1039 4077 1173 4146 ingenuus

95 4152 127 4204 C·
155 4147 165 4218 ΙΙ
195 4155 227 4200 30
248 4150 291 4213 sit]
306 4148 365 4199 sic
393 4146 404 4216 ΙΙ
433 4153 464 4197 32
484 4146 624 4213 cognatiC
