2926 4888
275 263 335 328 le.
352 264 424 315 Paul.
657 299 740 310 -
788 265 848 326 160
891 297 978 310 ...-

402 457 538 514 Boethius
561 460 590 513 in
605 459 710 529 Topica
728 463 756 530 3,
778 463 794 517 l
824 453 927 535 (Raiter
941 475 971 529 p.
993 454 1062 534 too)
1090 475 1126 514 ex
1141 459 1253 529 leiani
1266 459 1314 513 ln-

317 543 512 686 {gbbtiffiffi
523 561 592 660 'non
615 545 651 601 ad
672 544 774 614 uerba,
801 545 851 601 sed
872 547 961 615 magis
975 548 1005 600 in
1020 545 1138 602 modum
1154 547 1312 616 argumenti

359 778 472 842 Tribus
493 779 578 841 enim
601 779 702 842 modis
721 799 801 842 uxor
815 779 1009 858 habebatur,
1032 799 1093 842 usn
1109 779 1214 840 farreo
1228 798 1357 859 coemp-

272 866 367 928 tione.
409 864 466 928 sed
481 864 688 927 confarreatio
704 867 778 928 solis
793 865 996 946 pontificibus
1010 865 1233 928 conueniebat.
1273 883 1355 945 quae

271 960 377 1013 autem
393 953 425 1011 in
442 969 570 1013 manum
586 971 644 1032 per
659 953 888 1032 coemptionem
905 962 1131 1027 conuenerant,
1151 970 1206 1012 eae
1224 961 1357 1012 matres-

271 1035 406 1098 familias
436 1037 647 1099 uocabaotur:
681 1057 762 1118 quae
788 1057 866 1098 uero
891 1058 952 1100 usu
977 1038 1029 1099 uel
1058 1036 1176 1116 farreo,
1210 1038 1350 1098 minime.

272 1125 424 1204 coemptio
443 1142 519 1184 uero
541 1125 636 1185 certis
657 1123 921 1186 sollemnitatibus
935 1122 1165 1206 peragebatur,
1189 1133 1221 1184 et
1236 1142 1306 1184 sese
1321 1125 1354 1184 in

271 1207 441 1270 coemendo
467 1210 605 1272 inuicem
632 1209 885 1290 interrogabant:
917 1211 970 1272 uir
996 1212 1055 1288 ita,
1085 1228 1125 1270 an
1151 1208 1212 1270 sibi
1239 1209 1354 1271 mulier

271 1293 505 1356 materfamilias
521 1315 590 1357 esse
605 1296 726 1357 uellet?
763 1296 816 1357 illa
832 1295 1045 1377 respondebat
1059 1296 1161 1357 uelle:
1186 1296 1263 1355 item
1280 1315 1352 1356 mu-

270 1382 330 1442 lier
346 1379 569 1462 interrogabat,
593 1400 634 1443 an
656 1381 708 1443 uir
730 1381 790 1443 sibi
814 1381 1040 1462 paterfamilias
1056 1401 1125 1443 esse
1141 1381 1263 1443 uelletf
1299 1381 1352 1442 ille

272 1466 483 1546 respondebat
499 1469 592 1529 uelle.
619 1469 725 1547 itaque
740 1468 857 1530 mulier
867 1469 929 1530 uiri
941 1466 1150 1529 conueniebat
1162 1468 1196 1528 in
1208 1487 1347 1546 manum,

270 1561 302 1614 et
316 1551 511 1614 uooabantur
527 1554 585 1615 hae
601 1556 731 1634 nuptiae
746 1573 805 1634 per
820 1555 1068 1634 coemptionem,
1095 1564 1126 1614 et
1147 1562 1216 1614 erat
1237 1554 1352 1614 mulier

269 1638 504 1701 materfamilias
525 1640 595 1700 uiro
617 1640 683 1700 loco
706 1639 798 1701 filiae.
846 1659 940 1719 quam
963 1640 1205 1700 sollemnitatem
1229 1640 1263 1699 in
1285 1640 1351 1700 suis

269 1726 422 1786 institutis
437 1727 589 1806 leianus
604 1726 744 1807 exponit.

379 2022 579 2093 ¹Spieilegium
601 2023 781 2080 Solesmense
804 2023 851 2080 ed.
870 2023 944 2078 Piira
961 2023 1017 2095 lp.
1037 2028 1092 2080 tat
1120 2023 1196 2078 inter
1213 2023 1305 2078 Pacati

310 2114 445 2178 excerpta
459 2108 537 2164 hunc
552 2109 647 2166 locum
662 2109 777 2164 aliunde
792 2124 850 2164 non
866 2114 964 2164 notum
976 2104 995 2183 ¹)
1017 2106 1149 2164 exbibet:

351 2257 503 2337 leianus
519 2257 601 2318 libro
611 2257 631 2338 ²)
653 2256 693 2318 ad
709 2257 845 2319 edictum
862 2267 950 2319 sexto
967 2258 1022 2337 qui
1034 2275 1091 2338 pre
1103 2257 1173 2317 aliis
1184 2275 1227 2317 ne
1238 2266 1348 2337 postu·
1446 2257 1447 2292 ³

166 2380 168 2384 ι
266 2343 332 2403 lent
346 2343 437 2403 titulo
452 2352 540 2404 sexto
556 2344 602 2404 sic
618 2341 733 2404 refert:
763 2345 947 2406 lnuenimus
962 2343 1046 2423 apud
1062 2352 1189 2404 ueteres
1207 2343 1347 2404 mulieris

265 2429 475 2508 appellatione
491 2431 584 2490 etiam
599 2429 739 2509 uirgines
747 2429 767 2513 ³)
789 2431 954 2491 contineri.

608 2720 717 2786 PAVLl
739 2721 1001 2784 FRAGMENTVM

350 2843 463 2903 Paulus
487 2843 702 2904 institutorum
724 2841 806 2903 libro
822 2841 960 2903 secundo
976 2841 1066 2902 titulo
1083 2839 1122 2900 de
1140 2839 1278 2902 dotibus.
1312 2842 1343 2903 Si

263 2927 436 2992 diuortium
457 2937 504 2989 est
527 2929 717 2990 matrimonii
738 2929 848 2989 etheo
870 2931 940 2989 sine
962 2927 1053 3006 eulpa
1070 2926 1214 2988 mulieris
1228 2926 1345 2989 factum
1441 2979 1442 2990 .

262 3023 320 3092 est,
339 3013 395 3075 dos
412 3015 534 3094 integra
550 3023 720 3094 repetetur.
756 3013 881 3093 quodsi
897 3013 989 3094 culpa
1004 3013 1148 3074 mulieris
1165 3011 1281 3074 factum
1297 3022 1344 3074 est

261 3099 444 3179 diuortium,
471 3101 504 3161 in
526 3101 667 3181 singulos
681 3099 799 3161 liberos
814 3109 902 3161 sexta
918 3117 992 3180 pars
1007 3099 1090 3160 dotis
1105 3117 1122 3158 a
1138 3100 1250 3160 marito
1267 3100 1344 3160 reti-

261 3195 356 3247 netur
372 3205 473 3265 usque
490 3185 529 3247 ad
545 3185 681 3247 mediam
696 3195 817 3266 partem
834 3183 998 3247 dumtaxat
1013 3184 1105 3246 dotis.

390 3345 448 3401 Hoc
464 3345 541 3400 Pauli
563 3345 753 3415 fragmentum
774 3347 804 3400 in
819 3344 927 3400 Boethii
949 3345 1154 3401 commentario
1171 3344 1208 3400 ad
1223 3345 1296 3416 lop.

306 3437 333 3500 i,
357 3435 384 3497 l,
408 3436 444 3487 te
465 3423 561 3505 (Orelli
577 3447 607 3501 p.
628 3425 698 3502 303)
718 3436 865 3486 seruatum
881 3438 933 3487 est.

259 3701 434 3715 ,ινα-ιΛΛΛΛΙναι
444 3700 465 3712 tv
487 3700 561 3712 »lull-1
573 3698 626 3711 [ναν
637 3698 688 3710 (saw
699 3701 703 3709 s
713 3700 751 3710 sima
762 3699 768 3710 1
779 3700 785 3709 s
795 3700 800 3710 r
811 3701 815 3710 r
828 3699 862 3711 11«
874 3700 919 3710 rua«
929 3700 958 3711 νυ
968 3699 974 3710 l
986 3699 1006 3711 ω
1015 3698 1337 3712 [φκαννυκΛΛΛΛΛΛΛΛΛΛΛΛΛ

328 3804 345 3868 1)
367 3805 399 3867 cf.
416 3804 474 3867 Dip.
490 3808 531 3864 50,
548 3807 589 3866 to,
605 3773 635 3851 aa
647 3816 689 3864 pr.
711 3809 736 3853 et
753 3803 879 3866 Boeotiop
896 3805 995 3864 t'tptaat
1005 3804 1153 3866 fropmeota
1166 3805 1206 3853 etl.
1223 3807 1275 3865 tp.
1292 3807 1339 3852 tat

257 3872 276 3937 2)
298 3873 402 3924 libero
435 3871 454 3936 ³)
476 3873 604 3923 mulieres
617 3886 642 3922 a.
658 3886 680 3923 e.
695 3873 808 3934 uirginis
824 3873 843 3922 C
