2922 4898
294 359 351 423 le.
368 361 468 406 ta-to
685 389 771 402 ...-.
817 356 855 418 18
900 389 985 400 ...-

464 545 526 627 [xur
570 563 608 605 nn
632 563 752 606 cosmoe
778 561 853 606 onoc
876 563 911 603 nr
933 563 1087 606 sommmo
1110 543 1228 622 rornol‘
1448 567 1450 640 1

260 667 272 726 1
381 670 462 748 Lege
479 666 556 728 Iulia
577 664 790 747 prohibentur
805 681 920 725 uxores
935 665 1051 726 ducere
1073 674 1233 725 senatores
1249 662 1382 743 quidem
1448 655 1450 682 ⁴

296 754 452 833 liberique
481 770 591 813 eorum
616 751 782 812 libertinas
808 760 839 810 et
864 769 946 832 quae
973 752 1059 830 ipsae
1086 767 1263 831 quarumue
1291 759 1383 830 pater
1449 791 1450 800 t

296 849 439 901 materne
461 848 561 900 artem
576 836 729 899 ludicram
747 837 873 913 feeerit,
899 837 976 897 item
997 855 1126 916 corpore
1150 844 1319 916 quaestum
1336 835 1383 896 ia-

259 927 445 987 toicntem.
475 924 579 986 Ceteri
596 932 699 985 autem
716 923 845 1003 ingenui
867 921 1076 1002 prohibentur
1092 922 1206 984 ducere
1229 923 1334 982 lenam
1353 933 1381 982 et
1400 933 1411 976 5

297 1033 316 1072 a
337 1012 450 1074 lenone
473 1011 588 1072 lenouc
613 1010 834 1070 manumissam
859 1011 946 1069 etin
970 1008 1122 1069 adulterio
1149 1008 1383 1087 deprehensam

298 1107 328 1158 et
345 1097 460 1160 iudicio
476 1096 601 1177 publico
617 1093 793 1157 damnatam
816 1104 848 1155 et
864 1113 944 1176 quae
961 1105 1058 1156 artem
1074 1094 1226 1157 ludicram
1250 1094 1380 1155 lecerit:
1449 1117 1450 1178 1

298 1182 393 1245 adicit
409 1183 617 1245 Mauricianus
633 1191 664 1243 et
679 1202 697 1243 a
713 1191 824 1242 senatu
840 1179 1029 1242 damnatam.
1449 1209 1450 1250 t

679 1297 683 1309 “
1449 1297 1450 1328 1

593 1353 652 1436 [xiv
695 1374 731 1415 on
753 1373 848 1414 ronna
871 1371 953 1414 urcrs
977 1353 1081 1434 rrortnl

383 1475 521 1537 Feminis
541 1477 594 1538 lex
615 1475 693 1537 Iulia
715 1483 848 1536 amortc
864 1475 926 1535 uiri
941 1475 1016 1536 anni
1037 1473 1149 1536 tribuit
1170 1476 1379 1551 uacationem,
1401 1488 1425 1531 44

298 1580 313 1621 a
331 1561 466 1623 diuortio
482 1580 539 1622 sex
551 1579 703 1638 mensum,
722 1560 774 1621 lex
789 1569 895 1621 autem
908 1561 1001 1640 Papia
1016 1579 1034 1622 a
1049 1570 1149 1622 morte
1165 1562 1229 1622 uiri
1245 1560 1381 1636 biennii,

297 1669 315 1708 a
333 1646 463 1727 repudio
478 1648 551 1708 anni
569 1657 600 1708 et
615 1666 672 1708 sex
687 1665 840 1707 mensum.

701 1817 747 1898 [xv
791 1838 826 1880 nu
850 1818 977 1898 onorius]

262 1937 274 1996 l
383 1941 438 2000 Vir
454 1949 484 2000 et
500 1957 580 2000 uxor
596 1940 680 1999 inter
696 1957 729 1998 se
746 1939 937 1999 matrimonii
954 1939 1080 2000 nomine
1097 1937 1253 2001 decimam
1269 1959 1383 2020 capere
1449 1993 1450 2006 2

297 2034 439 2105 possunt.
469 2023 596 2104 quodsi
613 2044 652 2085 ex
667 2025 727 2084 alio
744 2025 942 2085 matrimonio
955 2012 1070 2085 liberos
1082 2027 1272 2105 superstites
1283 2025 1383 2087 habe·
1401 2039 1425 2082 45
1449 2031 1450 2048 ³

297 2120 369 2190 ant,
395 2120 521 2192 praeter
541 2110 714 2187 decimam,
741 2129 835 2189 quam
867 2111 1057 2171 matrimonii
1084 2113 1212 2172 nomine
1239 2115 1378 2192 capiunt,

260 2197 279 2258 2
296 2197 426 2258 totidem
442 2195 578 2257 decimas
593 2216 650 2276 pro
666 2216 796 2258 numero
812 2195 985 2258 liberorum
1002 2198 1173 2277 accipiunt.
1206 2200 1283 2259 ltem
1299 2219 1384 2260 com-

298 2284 402 2344 munis
429 2282 511 2343 iilius
537 2281 641 2343 filiaue
668 2292 738 2362 post
764 2284 927 2343 nominum
954 2282 1039 2344 diem
1066 2285 1200 2345 amissus
1226 2285 1383 2346 amissaue

296 2385 393 2430 unam
411 2367 563 2429 decimam
581 2367 691 2429 adicit:
720 2367 782 2430 duo
797 2377 903 2429 autem
919 2378 991 2448 post
1005 2371 1160 2430 nominum
1178 2369 1261 2430 diem
1276 2373 1381 2432 amissi

260 2454 277 2515 3
298 2454 377 2517 duas
393 2454 532 2516 decimas
547 2453 699 2516 adiciunt.
725 2456 853 2516 Praeter
868 2453 1023 2516 decimam
1040 2456 1133 2516 etiam
1149 2455 1381 2518 usumfructum
1399 2469 1424 2514 tt

298 2541 409 2603 tertiae
431 2542 530 2621 partis
545 2539 699 2602 bonorum
718 2539 809 2622 [eius]
836 2560 950 2621 capere
967 2551 1116 2622 possunt,
1136 2552 1167 2602 et
1189 2542 1381 2623 quandoque

260 2627 277 2686 l
298 2626 415 2688 liberos
430 2625 610 2705 habuerint,
630 2625 773 2688 eiusdem
789 2627 887 2707 partis
902 2628 1140 2708 proprietatem.
1167 2629 1229 2689 Hoc
1245 2630 1383 2710 amplius

298 2713 412 2776 mulier
426 2723 554 2794 praeter
569 2712 723 2774 decimam
739 2712 844 2774 dotem
860 2731 967 2793 capere
983 2723 1085 2794 potest
1101 2714 1234 2794 legatam
1251 2714 1325 2775 sibi.

394 2883 453 2967 [xri
496 2905 533 2945 nn
557 2902 655 2946 sonim
678 2903 851 2946 oirscrrrrn
874 2903 962 2945 mrnn
984 2905 1074 2947 vrnvn
1095 2906 1132 2948 nr
1155 2885 1282 2966 vrorum]

261 3006 273 3064 l
382 3004 561 3084 Aliquando
583 3007 635 3067 uir
651 3015 682 3066 et
697 3023 776 3066 uxor
791 3006 875 3065 inter
896 3024 930 3066 se
946 3005 1079 3067 solidum
1096 3024 1208 3086 capere
1227 3017 1377 3086 possunt:
1400 3019 1425 3063 45
1446 3013 1448 3096 1

297 3092 387 3152 uelut
412 3092 439 3152 si
466 3101 600 3170 uterque
626 3092 676 3153 uel
700 3092 852 3152 alteruter
878 3110 985 3153 eorum
1006 3091 1147 3153 nondum
1174 3093 1243 3153 eius
1269 3096 1382 3155 aetatis
1447 3105 1448 3146 1

296 3178 376 3255 sint,
402 3195 422 3238 o
443 3195 505 3255 qua
528 3179 580 3237 lex
596 3177 712 3238 liberos
733 3178 846 3256 exigit,
874 3177 906 3238 id
926 3188 973 3239 est
988 3180 1014 3239 si
1035 3179 1087 3239 uir
1110 3179 1211 3239 minor
1226 3197 1382 3240 annorum

296 3262 379 3322 XXV
394 3263 436 3324 sit
456 3271 509 3323 aut
525 3281 772 3323 uxorannorum
787 3264 841 3322 XX
867 3264 985 3324 minor:
1011 3265 1087 3326 item
1110 3266 1136 3325 si
1158 3265 1288 3344 utrique
1310 3265 1381 3345 lege
1446 3273 1448 3328 J

297 3349 391 3427 Papia
407 3346 511 3408 finitos
532 3367 632 3409 annos
648 3350 680 3407 in
695 3343 893 3409 matrimonio
909 3352 1121 3427 excesserint,
1145 3349 1178 3410 id
1194 3360 1242 3412 est
1263 3351 1316 3412 uir
1332 3355 1382 3412 LX
1445 3345 1447 3440 1

297 3450 413 3512 annos,
437 3451 517 3494 uxor
539 3437 579 3494 L:
606 3436 682 3494 item
705 3434 732 3494 si
754 3435 874 3514 cognati
898 3436 982 3497 inter
1003 3455 1037 3497 se
1057 3439 1189 3497 coierint
1212 3454 1317 3516 usque
1342 3436 1381 3499 ad
1399 3450 1424 3495 to

297 3529 421 3580 sextum
437 3518 588 3599 gradum:
615 3529 669 3580 aut
684 3521 711 3580 si
726 3521 778 3581 uir
792 3520 889 3598 absit,
910 3532 941 3583 et
957 3521 1058 3583 donec
1072 3521 1161 3584 abest
1175 3532 1207 3584 et
1222 3524 1307 3584 intra
1323 3543 1382 3584 an-

308 3672 360 3685 &NV

366 3764 376 3807 4
401 3760 458 3809 cele
474 3758 493 3809 C
525 3756 536 3825 11
571 3762 584 3807 i
604 3760 669 3809 item
683 3773 706 3809 o.
722 3775 748 3824 q.
764 3759 907 3812 facientem
925 3764 990 3812 delet
1005 3767 1029 3812 et
1047 3776 1160 3827 corpore
1172 3778 1198 3827 q.
1214 3761 1265 3814 sac.
1281 3766 1308 3813 et
1322 3771 1383 3826 post

298 3834 311 3878 5
325 3827 427 3878 ducere
439 3829 540 3890 supplet
552 3829 702 3890 Moounseo,
723 3830 755 3892 es.
771 3831 830 3893 Dip.
845 3835 880 3884 23
887 3871 892 3892 ,
908 3837 939 3889 2,
954 3836 997 3881 ts.
1012 3837 1044 3881 tt
1054 3845 1097 3894 pr.
1134 3829 1144 3897 11
1180 3836 1194 3880 6
1213 3833 1320 3896 leneue]
1342 3835 1383 3884 le·

296 3911 360 3947 nam
375 3893 419 3963 011
436 3897 602 3948 adulterium
615 3897 783 3961 deprehensa
799 3897 818 3948 C
839 3897 849 3966 11
873 3901 1043 3964 ipublicum
1057 3901 1184 3951 damnata
1200 3901 1219 3951 C
1235 3899 1245 3968 11
1263 3905 1322 3952 arte
1338 3903 1357 3952 C
1374 3901 1383 3968 11

297 3969 409 4016 taem.
427 3966 459 4017 0⁸
486 3968 496 4026 11
525 3965 670 4016 senatusC
698 3963 707 4032 11
738 3970 764 4016 tt
782 3970 926 4020 mensesc
952 3967 963 4035 11
993 3975 1023 4019 ⁴2
1043 3969 1185 4020 mensesC
1211 3965 1221 4035 11
1252 3974 1282 4020 45
1303 3974 1383 4022 mati-

296 4038 389 4085 monio
405 4035 457 4086 0⁸?
491 4032 501 4101 11
537 4039 567 4084 49
588 4036 729 4085 nominum
742 4036 815 4087 diem
829 4038 966 4097 Morillt'us,
987 4052 1059 4088 nono
1072 4039 1153 4089 dicC
1186 4036 1196 4106 11
1232 4042 1263 4087 23
1284 4053 1382 4105 capere

298 4103 429 4173 8411111449,
444 4104 532 4155 oruc
559 4099 569 4169 11
599 4105 867 4169 tisunlaulquaC
893 4103 904 4172 11
934 4109 1145 4170 tucogeruntC
1167 4104 1176 4172 11
1200 4111 1226 4156 31
1245 4107 1326 4172 absit]
1344 4113 1381 4159 rei

296 4171 422 4234 publicae
437 4187 518 4223 causa
532 4172 602 4223 absit
617 4174 785 4237 Gothosredus
814 4167 825 4238 11
852 4175 930 4225 abest
942 4177 976 4238 et]
993 4177 1099 4226 abesset
1115 4178 1134 4226 C
