2926 4888
291 343 365 395 saul.
380 343 457 402 7773
682 376 768 390 ....
812 343 853 406 92
898 372 983 390 ..-

290 533 462 607 773333737,
489 529 622 592 dubium
638 531 806 593 remansit:
833 539 864 592 37
880 530 951 592 77133
967 531 1137 592 uoluntatis
1153 540 1202 592 337
1218 532 1371 611 quaestio.

290 628 395 678 tamen
407 617 434 678 37
450 615 708 680 733733337377773
720 616 948 680 ootidianarum
960 617 1127 697 epularum
1139 619 1242 698 373773
1256 616 1374 680 baben·

226 703 272 764 72
291 712 354 780 tur,
373 701 542 764 debentur.
574 702 726 766 7777173333
742 711 774 764 37
788 703 946 766 institores
963 705 1046 764 73733
1060 702 1182 764 urbana
1198 703 1373 766 ministeria

291 790 510 852 eontinentur:
537 789 611 850 item
627 797 829 869 opsonatores
844 797 877 851 et
889 789 1034 852 uestiarii
1049 798 1081 850 et
1097 790 1256 850 cellararii
1273 798 1306 850 et
1321 808 1373 850 au-

290 874 436 937 bieularii
452 883 484 936 37
497 874 611 936 arcarii
628 875 766 955 37337377
788 875 971 956 31333373777
992 875 1134 936 tonsores
1153 876 1293 956 pistores
1312 875 1373 936 733-
1390 889 1400 932 7

232 961 402 1023 retiarii.
449 959 618 1025 Penatibus
638 960 750 1040 1333773
771 959 999 1041 quadrupedes
1025 979 1134 1022 omnes
1157 962 1369 1037 eontinentur,

232 1047 270 1108 71
289 1065 371 1126 quae
395 1049 547 1128 gregatim
570 1056 754 1126 paseuntur.
799 1047 949 1109 lumentis
965 1047 1076 1126 1333773
1098 1046 1197 1108 boues
1219 1065 1286 1107 333
1303 1065 1374 1110 333-

290 1134 450 1195 tinentur:
477 1133 568 1212 equis
583 1151 660 1194 uero
680 1132 792 1213 legatis
808 1149 906 1212 eques
922 1131 1055 1213 quoque-
1071 1133 1190 1214 placuit
1205 1135 1369 1194 aontinen'.
1446 1137 1447 1148 ¹

290 1217 404 1280 ouibus
419 1226 525 1280 autem
541 1218 650 1298 legatis
665 1219 739 1299 3337
750 1237 813 1280 333
825 1220 1037 1298 33377333733,
1052 1189 1118 1294 bisi
1130 1219 1287 1280 annuales
1299 1221 1369 1280 sint.
1444 1221 1447 1282 l

181 1303 227 1362 75
240 1303 279 1363 76
290 1305 392 1384 83333
407 1304 516 1366 ouium
531 1304 632 1384 133373
647 1304 763 1366 3373733
778 1305 873 1366 377337
888 1301 1109 1451 3337733377ἳι
1146 1303 1273 1366 bulbus
1289 1305 1372 1384 1333·
1390 1319 1413 1362 u

289 1391 331 1450 tis
346 1408 477 1452 anseres
490 1389 635 1470 phasiani
651 1390 785 1470 33117333
797 1399 828 1451 37
842 1391 961 1452 3373373
972 1389 1078 1452 debeb
1102 1401 1192 1459 ntur:
1211 1409 1253 1450 an
1269 1400 1372 1452 autem

231 1475 270 1537 77
290 1476 483 1556 phasianarii
495 1485 527 1536 et
541 1483 683 1556 pastores
695 1494 854 1554 anserum,
872 1477 1043 1540 uoluntatis
1055 1486 1104 1538 337
1119 1477 1273 1556 quaestio.
1299 1477 1373 1538 1731-
1446 1509 1447 1526 r

290 1561 381 1624 nibus
403 1563 514 1642 1333773
537 1581 622 1642 3333,
649 1561 821 1640 defrutum,
848 1564 993 1641 37313373,
1016 1561 1113 1624 dulae
1134 1564 1229 1624 etiarn
1252 1563 1369 1636 uinum,
1446 1559 1447 1638 7

289 1649 429 1728 3313733,
449 1649 587 1726 3337333,
613 1667 695 1710 3333
709 1667 820 1728 333333
835 1646 1050 1710 debebuutur.
1098 1648 1203 1710 sedin
1220 1647 1280 1709 1733
1295 1666 1372 1728 qua-
1445 1639 1447 1736 7

290 1752 353 1813 que
374 1733 547 1796 uoluntatis
563 1743 611 1796 est
632 1735 785 1814 quaestio,
805 1736 879 1814 quia
894 1744 925 1795 37
938 1737 971 1796 73
987 1737 1094 1814 333373
1108 1751 1274 1814 3337337737
1290 1753 1371 1794 3337-
1389 1747 1413 1792 tt

228 1819 270 1879 78
290 1819 446 1900 prehendi
461 1829 604 1900 possunt.
630 1819 785 1900 Frugibus
800 1821 910 1900 1333773
925 1829 989 1882 7373
1011 1821 1172 1901 legumina
1187 1839 1283 1899 quam
1299 1821 1372 1882 hor·
1446 1857 1447 1884 ;

229 1907 270 1966 79
288 1905 384 1967 deum
400 1915 432 1968 37
446 1907 585 1968 7377137773
601 1907 812 1968 eontinentur.
859 1907 952 1968 Veste
968 1907 1070 1988 legata
1086 1906 1271 1984 eamdam,
1292 1923 1370 1986 quae

289 2010 330 2052 ex
344 1992 416 2053 lana
439 2001 471 2052 37
486 1992 550 2052 7733
564 2002 651 2054 texta
673 2001 766 2054 sunt:
792 1994 866 2053 item
891 1993 990 2054 333733
1012 2002 1043 2055 37
1059 1991 1265 2072 bombycina,
1292 2011 1371 2072 quae

288 2081 393 2139 tamen
409 2076 535 2140 indutui
556 2078 609 2140 uel
624 2077 790 2158 operiendi
805 2077 954 2158 cingendi
975 2077 1137 2141 sternendi
1151 2078 1369 2158 iniciendique

193 2235 196 2243 .
288 2181 382 2224 33333
396 2172 505 2244 337373
526 2173 618 2226 sunt:
643 2164 744 2244 pelles
759 2183 887 2245 quoque
908 2164 1086 2226 indutoriae
1109 2163 1367 2226 continebuntur.
1387 2176 1413 2221 37
1446 2151 1447 2240 7

224 2250 268 2308 80
288 2249 382 2310 Veste
405 2249 491 2310 uirili
507 2251 609 2330 133373
632 2269 668 2311 33
683 2250 900 2313 tantummodo
916 2249 1091 2327 debentur,
1118 2268 1199 2329 quae
1221 2249 1263 2312 ad
1278 2269 1369 2312 usum
1446 2247 1447 2338 7

287 2335 414 2396 37371373
442 2336 529 2396 33133
557 2334 678 2416 pudore
700 2337 862 2398 uirilitatis
891 2338 1039 2398 37773337.
1085 2336 1222 2416 stragula
1244 2354 1369 2416 quoque

224 2423 263 2481 87
287 2421 361 2481 huie
382 2421 484 2501 133373
513 2420 639 2483 cedunt.
688 2421 833 2484 Muliebri
854 2431 945 2484 uesta
966 2423 1070 2502 legata
1092 2422 1198 2483 337373
1226 2440 1309 2502 quae
1331 2421 1370 2483 ad

224 2508 268 2566 87
286 2525 381 2568 33337
403 2506 593 2570 muliebrem
616 2517 759 2588 33337337
780 2507 997 2572 debebantur.
1049 2511 1131 2570 Lana
1153 2508 1273 2587 legata,
1303 2509 1370 2570 siue

286 2591 397 2654 sucida
418 2595 486 2654 siue
508 2595 568 2656 1373
591 2596 632 2655 377
654 2594 722 2655 3733
744 2595 902 2674 333773373
924 2595 993 2656 3733
1016 2594 1237 2671 333373373373,
1269 2594 1370 2674 133373
1387 2606 1413 2650 tt

286 2678 388 2741 cedit:
406 2685 549 2760 purpura
564 2699 640 2742 uero
657 2689 712 2741 aut
727 2689 848 2742 stamen
865 2680 1075 2742 subtemenue
1091 2680 1149 2742 1733
1164 2680 1292 2741 3337733
1308 2698 1368 2741 333

164 2763 166 2768 ’
222 2766 265 2826 83
286 2767 499 2829 33377333733.
525 2765 640 2828 Mundo
650 2764 799 2828 muliebri
810 2767 912 2846 733373
924 2784 959 2828 33
971 2766 1099 2843 aedunt,
1113 2785 1171 2846 per
1181 2783 1264 2846 quae
1276 2785 1370 2828 mun·
1446 2845 1447 2848 7

285 2849 357 2911 dior
372 2852 487 2914 mulier
508 2852 687 2932 lentiorque
703 2851 858 2925 37737733,
885 2853 975 2914 uelut
990 2853 1155 2932 speculum
1170 2851 1310 2914 33331733
1326 2852 1370 2913 37-

284 2937 362 3015 7317,Ι
372 2938 446 2999 77337
463 2937 598 3020 pyxides
613 2947 778 3018 unguenta
793 2947 922 3016 373333,
941 2939 975 2998 in
991 2937 1109 3018 quibus
1124 2956 1160 2998 ea
1175 2946 1268 2999 sunt:
1294 2939 1369 2999 77337

222 3024 265 3083 81
285 3023 361 3084 33113
378 3022 536 3085 balnearis
559 3033 590 3084 et
608 3034 712 3085 337333
733 3023 924 3085 17373373377.
971 3023 1173 3086 Ornamentis
1196 3024 1310 3104 1333773
1332 3043 1368 3086 33
1385 3037 1411 3082 37
1446 3053 1447 3062 ¹

285 3107 411 3186 cedunt,
432 3127 489 3189 per
501 3127 581 3189 quae
592 3111 731 3171 ornatior
742 3111 857 3171 mulier
868 3109 1015 3186 37737733,
1029 3110 1128 3172 331377
1140 3109 1227 3170 33317
1239 3119 1368 3172 3373333

269 3221 272 3226 ·
284 3195 407 3256 reticuli
419 3206 450 3256 et
462 3207 578 3273 337333,
597 3196 714 3275 quibus
726 3195 803 3256 33773
813 3195 867 3257 331
878 3197 980 3276 333773
992 3196 1045 3257 331
1058 3196 1205 3257 manibus
1217 3196 1368 3258 mulieres

224 3283 265 3342 85
284 3291 446 3341 ornantur.
493 3280 630 3360 71333373
652 3281 751 3360 733373
768 3299 888 3342 massae
904 3280 1118 3343 tantummodo
1141 3280 1363 3343 debebuntur:

285 3384 358 3426 uasa
375 3366 475 3444 33737,
502 3385 583 3446 quae
599 3367 726 3448 3333373
741 3368 866 3430 3337733
889 3377 1091 3452 separantur,
1117 3369 1219 3448 133373
1235 3387 1299 3430 333
1315 3387 1367 3430 33-

219 3453 263 3513 86
283 3450 381 3530 dunt,
407 3452 481 3531 quia
503 3471 562 3515 333
576 3453 648 3514 7333
662 3451 764 3534 733373
779 3455 968 3516 uestimenta
991 3453 1161 3518 debentur.
1207 3453 1298 3516 Vasis
1313 3472 1366 3516 ar·
1383 3466 1410 3511 es

1315 3625 1366 3638 Nm

350 3747 365 3792 7
384 3742 518 3793 habentur
529 3742 664 3793 dabantur
675 3745 747 3802 dett,
767 3744 810 3794 1773
823 3744 957 3794 debentur
970 3745 1006 3803 77,
1026 3743 1192 3796 1737337337
1235 3746 1245 3807 17
1289 3751 1302 3795 7
1323 3749 1366 3796 73·

279 3814 419 3864 3777373333
434 3813 531 3862 codices
560 3812 571 3874 77
601 3814 614 3860 7
636 3812 738 3862 33113311
752 3813 801 3872 llll,
822 3813 999 3863 337133733777
1028 3812 1040 3876 ll
1069 3814 1328 3878 731333373377777
1356 3813 1367 3881 77

280 3879 412 3944 tonsores]
427 3883 446 3931 7.
461 3883 487 3930 37
499 3881 548 3931 777
588 3881 600 3944 ll
640 3880 781 3944 lecticarii]
800 3882 861 3932 7337.
876 3881 1016 3932 stabularii
1030 3882 1171 3932 sichardus
1211 3883 1222 3946 ΙΙ
1265 3887 1296 3933 lt
1316 3884 1366 3934 de·

277 3949 350 4001 737773
369 3949 481 4007 (77373373
495 3950 551 4011 7777
573 3949 661 4000 mulso
674 3949 755 4000 73133
767 3952 849 4000 ellam
861 3954 927 4001 3733
939 3951 1038 4002 cedices
1077 3950 1088 4013 ll
1130 3955 1161 4000 75
1180 3954 1272 4016 speeie
1290 3955 1363 4012 dett,

277 4019 368 4084 3337,
383 4019 501 4083 3333777
528 4019 539 4081 ll
570 4022 601 4066 lt
617 4018 724 4069 indutui
737 4020 773 4078 77,
788 4020 898 4069 7377377
928 4019 939 4082 ll
969 4022 1001 4068 ts
1020 4018 1198 4071 sublemenua
1210 4023 1283 4079 dett,
1297 4022 1366 4072 sub-
1446 4069 1447 4074 ,

277 4089 363 4138 limen
375 4089 419 4138 uel
433 4088 469 4146 77,
489 4087 636 4138 sublimius
649 4087 725 4137 3317
758 4087 777 4150 ll
818 4092 851 4138 79
869 4088 1026 4153 3737771337,
1046 4087 1219 4140 bubrldesll
1258 4091 1270 4153 ll
1312 4105 1366 4140 un·
1446 4087 1447 4112 7

277 4159 407 4220 guantum
419 4157 516 4206 3377333
