2926 4888
259 314 335 366 rau.
348 313 394 375 IV,
410 317 451 364 to.
467 317 494 363 tt
640 347 727 360 ...-
773 314 833 376 104
878 345 962 358 ...-

258 501 377 564 *iertur
399 511 430 564 et
452 501 492 564 ab
513 501 553 564 iis
574 503 715 583 legitima
736 500 897 564 hereditas
918 499 1034 562 aditur.
1081 499 1217 581 perinde
1239 509 1350 563 autem

258 587 387 650 *matris
409 589 560 650 certiores
586 589 644 650 fiiii
659 589 755 666 fiunt,
782 607 845 650 non
859 588 972 648 nuntio
986 596 1131 667 accepto,
1158 585 1218 649 sed
1232 605 1293 666 pro
1308 587 1350 647 li-

222 673 374 754 i*quido
390 683 559 755 comperto,
578 673 663 755 quod
679 676 825 736 intestata
840 672 1024 736 decesserit.
1056 673 1153 734 Filius
1168 681 1348 734 maternam

258 757 485 823 *hereditatem
511 759 709 841 eandemque
735 760 908 841 legitimam
934 746 996 820 nisi
1021 757 1167 821 adeundo
1187 776 1348 839 quaerere

258 846 340 910 *non
355 855 468 926 potest.
471 846 489 879 *
1370 859 1385 906 o

654 1016 693 1098 [¹¹
736 1035 774 1078 Μ
796 1016 946 1098 omnes]

209 1139 242 1198 ιὃ
344 1135 524 1221 *Στέμματι
542 1137 761 1218 cognationum
776 1135 897 1199 directo
911 1137 994 1198 limit
981 1145 1012 1198 te
1028 1136 1061 1198 in
1078 1134 1157 1198 duas
1171 1137 1275 1200 lineas
1292 1155 1347 1199 se·
1454 1141 1456 1214 i

258 1223 447 1304 *parantum
466 1241 600 1303 quarum
616 1224 658 1285 ait
646 1233 716 1285 tera
731 1225 886 1304 superior,
904 1223 1003 1284 altera
1018 1220 1165 1284 inferior:
1191 1239 1232 1285 ex
1247 1242 1347 1302 supe·
1455 1214 1457 1296 i

257 1309 359 1371 *ricre
374 1307 481 1382 autem
502 1317 534 1372 et
555 1308 694 1372 secundo
716 1308 817 1390 gradu
843 1318 1042 1373 transuersae
1063 1308 1164 1371 lineae
1184 1309 1342 1390 pendent,
1455 1311 1457 1378 i

257 1396 356 1477 *quas
370 1413 479 1458 ornnes
490 1397 601 1458 latiore
615 1405 750 1458 tractatu
761 1394 890 1457 habito
881 1415 913 1456 ur
929 1394 1048 1457 librum
1060 1395 1255 1476 singularem
1270 1416 1347 1460 oon·
1366 1408 1399 1453 ιι
1455 1409 1457 1480 5

222 1483 234 1543 ι
257 1481 468 1544 *texuimus*
511 1482 613 1543 Primo
633 1481 734 1562 gradu
755 1481 911 1563 superiori
926 1481 1009 1543 linea
1030 1483 1234 1543 eontinentur
1255 1492 1308 1562 pat
1311 1502 1347 1546 er
1456 1485 1457 1490 ’

258 1565 370 1647 mater,
393 1567 534 1630 inferiori
550 1568 633 1630 filius
649 1567 730 1629 filia:
750 1567 867 1648 quibus
878 1567 984 1630 nullae
999 1566 1078 1629 aliae
1096 1585 1251 1650 personae
1272 1570 1348 1632 iun-

221 1653 240 1714 2
259 1662 386 1736 guntur.
411 1653 556 1716 Secundo
569 1653 668 1734 gradu
683 1656 885 1716 continentur
895 1653 1051 1733 superiori
1065 1653 1151 1716 linea
1163 1672 1244 1715 auus
1259 1655 1343 1733 auia,
1457 1713 1458 1726 ,

259 1741 400 1803 inferiori
416 1760 515 1822 nepos
529 1741 645 1821 neptiS‚
664 1749 847 1802 transuersa
861 1737 960 1800 frater
974 1757 1071 1800 soror.
1097 1757 1178 1819 quae
1190 1759 1346 1820 personae

260 1825 478 1908 duplicantur:
497 1845 577 1888 auus
593 1828 676 1888 enim
692 1835 724 1888 et
738 1826 810 1887 auia
823 1835 888 1887 tam
904 1844 944 1886 ex
958 1834 1049 1906 patre
1061 1842 1156 1905 quam
1173 1843 1214 1886 ex
1229 1836 1342 1905 matre,
1367 1840 1399 1886 ιι
1456 1825 1458 1866 i

258 1931 357 1993 nepos
378 1913 484 1993 neptis
504 1921 568 1974 tam
592 1931 632 1974 ex
646 1911 710 1973 filio
726 1927 821 1992 quam
837 1930 878 1973 ex
893 1910 974 1990 iilia,
1000 1910 1099 1973 irater
1120 1930 1207 1972 soror
1222 1921 1287 1974 tam
1303 1931 1347 1973 ex
1457 1893 1458 1936 ¹

259 2007 347 2078 patre
363 2017 457 2078 quam
474 2017 514 2060 ex
534 2006 635 2061 matre
651 1999 862 2078 accipiuntur.
909 2015 991 2078 quae
1006 2014 1158 2078 personae
1178 2000 1347 2078 sequenti-
1457 2013 1458 2024 ¹

260 2083 320 2145 bus
340 2102 466 2164 quoque
487 2083 641 2164 gradibus
662 2084 809 2146 similiter
829 2102 886 2164 pro
908 2082 1086 2145 substantia
1108 2101 1236 2162 earum,
1260 2103 1346 2164 quae

220 2169 239 2229 3
261 2172 293 2230 in
309 2187 435 2250 quoque
451 2169 551 2250 gradu
567 2171 752 2248 consistunt,
773 2171 840 2250 ipso
855 2167 968 2230 ordine
983 2168 1196 2250 duplicantur.
1237 2171 1346 2234 Tertio

259 2253 360 2336 gradu
368 2257 505 2318 ueniunt
515 2275 610 2336 supra
621 2275 758 2336 proauus
773 2255 919 2336 proauia:
938 2254 1019 2316 inira
1031 2273 1187 2336 pronepos
1201 2273 1345 2336 prouep-
1364 2271 1397 2317 so
1458 2285 1459 2332 3

259 2344 316 2403 tis:
351 2361 391 2404 ex
411 2341 539 2421 obliquo
555 2341 659 2404 fratris
682 2343 863 2421 sororisque
879 2340 962 2403 filius
978 2341 1057 2420 filia,
1084 2351 1216 2422 patruus
1232 2344 1340 2420 amita,
1458 2347 1459 2354 ’

260 2425 293 2489 id
309 2437 358 2489 est
371 2428 470 2508 patris
482 2425 578 2489 irater
593 2436 625 2490 et
640 2447 737 2507 soror,
756 2427 934 2490 auunculus
947 2435 1135 2507 matertera,
1156 2426 1188 2489 id
1203 2437 1253 2490 est
1274 2448 1345 2490 ma-

222 2514 240 2572 i
258 2515 318 2574 tris
333 2512 432 2575 irater
447 2521 479 2575 et
493 2533 593 2575 soror.
625 2514 742 2588 Quarto
758 2512 859 2594 gradu
874 2513 1009 2575 ueniunt
1025 2532 1122 2595 supra
1137 2511 1260 2576 abauus
1282 2513 1344 2577 ab·

259 2600 346 2662 auia:
365 2599 449 2661 inira
461 2598 601 2681 abnepos
614 2599 779 2680 abneptis:
800 2619 840 2661 ex
851 2598 978 2680 obliquo
991 2600 1098 2661 fratris
1110 2608 1141 2661 et
1153 2601 1270 2667 sororis
1282 2619 1344 2662 ue-

259 2704 315 2766 pos
329 2686 445 2766 neptis
464 2684 562 2748 irater
576 2687 730 2768 patruelis
741 2704 830 2747 soror
844 2685 1007 2766 patruelis,
1027 2683 1120 2748 idest
1135 2686 1241 2766 patrui
1257 2687 1343 2749 filius
1364 2701 1398 2747 ao

259 2771 339 2850 filia,
365 2770 573 2835 consobrinus
589 2772 791 2851 consobrina,
817 2769 851 2832 id
866 2779 914 2833 est
934 2772 1084 2834 auunculi
1100 2780 1131 2834 et
1153 2781 1344 2836 materterae

259 2857 342 2920 filius
357 2859 437 2938 filia,
464 2860 614 2922 amitinus
628 2859 774 2937 amitina,
801 2855 834 2919 id
850 2865 898 2920 est
913 2857 1027 2921 amitae
1042 2857 1127 2920 iilius
1142 2857 1223 2920 filia:
1250 2858 1347 2920 item-

259 2963 322 3024 que
338 2943 527 3024 consobrini,
546 2947 601 3027 qui
618 2963 658 3006 ex
676 2943 802 3007 duabus
816 2942 978 3006 sororibus
993 2953 1176 3009 nascuntur.
1224 2944 1346 3024 quibus

257 3029 411 3092 adcrescit
431 3040 564 3111 patruus
585 3049 718 3112 magnus
739 3029 835 3092 amita
856 3047 985 3109 magna,
1014 3027 1047 3091 id
1070 3039 1118 3093 est
1143 3030 1196 3094 aui
1218 3032 1345 3111 paterni

259 3114 359 3177 irater
373 3125 404 3178 et
418 3126 523 3178 soror:
548 3117 726 3179 auunculus
749 3133 882 3196 magnus
903 3123 1074 3179 matertera
1089 3133 1219 3198 magna,
1246 3116 1345 3180 idest
1366 3131 1399 3178 ao

328 3319 659 3382 tut-Appendices
701 3319 713 3384 fl
755 3320 1101 3385 tt,t⁸=Dip.38,to,t
1142 3320 1155 3384 ΙΙ
1196 3323 1345 3374 tt=Lcm

264 3386 528 3452 Wisigotitonunt‚t

259 3507 309 3520 nv&

327 3577 337 3623 t
360 3574 395 3626 ab
409 3611 416 3626 .
431 3611 438 3626 .
455 3575 608 3640 Amastris]
628 3577 691 3626 ioco
708 3579 746 3628 sic
757 3579 879 3629 restituo:
897 3577 932 3628 ab
950 3578 984 3628 iis
1002 3576 1139 3632 hereditas
1156 3577 1257 3629 aditur.
1287 3593 1342 3629 non

256 3645 423 3704 anteautem
435 3645 1087 3712 metrislegitimahereditasadiripotestquam
1117 3646 1128 3710 ΙΙ
1159 3650 1190 3696 ιι
1204 3661 1294 3711 ques.
1311 3684 1341 3698 ..

256 3715 448 3764 contexuimus
462 3714 641 3776 (conterimus
653 3714 684 3777 F)
701 3716 847 3765 addiderint
858 3716 994 3767 iustiniani
1027 3716 1038 3780 ΙΙ
1076 3719 1105 3765 tr
1126 3715 1205 3780 quac]
1220 3718 1341 3781 itemque

254 3795 307 3833 scr.
324 3782 453 3847 (itemque
464 3782 515 3833 bae
528 3782 653 3846 Huschke)
696 3783 708 3846 ιΙ
750 3787 781 3832 48
800 3797 894 3835 earum
906 3797 976 3847 quae
989 3785 1017 3834 in
1029 3797 1139 3849 quoque
1152 3785 1189 3844 Μ,
1203 3798 1300 3836 eorum
1314 3789 1343 3837 in

254 3863 374 3916 quorum
392 3853 427 3911 L.
447 3864 596 3916 earumque
614 3852 641 3901 in
659 3866 714 3916 quo
732 3853 775 3902 uel
792 3866 943 3918 eorumque
961 3854 989 3903 in
1007 3867 1118 3920 quoquo
1135 3855 1234 3904 codices
1252 3858 1344 3917 optimi

255 3921 435 3986 LspisWiss‘p.
465 3920 477 3985 ΙΙ
506 3920 950 3985 stamita1etamitaLecWist'g.
981 3922 992 3986 u
1023 3925 1053 3972 ιι
1067 3921 1222 3986 matertera]
1238 3927 1266 3974 et
1275 3927 1341 3975 mat.

256 3990 312 4039 Lem
327 3989 418 4054 Wioip.
460 3989 471 4053 ΙΙ
513 3988 714 4041 serratoriae
731 3990 835 4054 Wisiq„
849 4003 900 4042 om.
916 3991 964 4041 ML
1005 3990 1017 4054 ΙΙ
1059 3994 1091 4040 iu
1110 3990 1165 4042 iiiia
1177 3991 1237 4050 ut,
1251 3991 1343 4043 fliiaue

254 4059 312 4108 Lem
327 4058 418 4174 Hgioip.
444 4057 660 4191 {1500nsobrinus
674 4096 681 4110 .
698 4096 705 4111 .
721 4096 727 4110 .
742 4063 774 4109 27
788 4057 843 4110 filia
852 4064 913 4122 post
924 4063 956 4108 ιι
970 4061 1070 4114 amitae
1082 4059 1157 4110 filius
1168 4059 1223 4110 filia
1235 4062 1344 4112 collocat

256 4127 342 4176 Husci
359 4127 457 4192 ΜΗ
484 4130 539 4178 Μ
