2922 4898
517 341 603 354 ...-
648 311 666 370 7
711 343 797 356 ...-
1111 313 1169 378 le.
1187 317 1196 362 4

42 491 84 550 46
196 497 259 568 Qui
281 504 405 558 tantum
428 497 461 556 in
474 495 587 580 ponis,
613 517 676 558 non
691 498 785 560 etiam
802 517 843 560 ex
858 499 927 561 iure
943 499 1114 572 Quiritium
1131 520 1200 563 ser-

7 607 8 636 1
106 601 185 644 uum
211 581 328 659 hahet,
343 582 594 644 manumittendo
610 585 756 647 Latinum
777 584 862 646 iaeit.
903 587 936 645 in
959 584 1051 647 honis
1074 595 1197 650 tantum

107 669 245 730 alicuius
274 687 389 732 seruus
419 679 467 730 est
494 669 584 731 uelut
614 669 672 731 hoo
700 669 810 748 modo,
844 671 871 731 si
898 671 977 732 ciuis
1000 674 1198 736 Romanusa

107 755 180 816 ciue
204 755 340 815 Romano
363 755 493 816 'seruum
521 755 650 833 emerit,
683 757 771 836 isque
800 755 935 818 traditus
964 759 994 818 ei
1022 759 1063 820 sit
1093 777 1197 840 neque

7 839 8 844 ’
107 851 217 902 tamen
247 841 444 920 mancipatus
475 843 503 902 ei
530 860 637 922 neque
660 842 693 902 in
717 843 787 904 iure
810 861 916 904 cessus
939 862 1044 924 neque
1068 845 1107 906 ab
1130 849 1231 927 ipsoe

61 929 65 934 '
107 946 193 989 anno
216 945 380 1007 possessus
402 928 460 988 sit:
487 945 560 988 nam
584 927 736 1008 quamdiu
759 929 869 990 horum
893 928 972 1009 quid
995 930 1057 1009 fiat,
1085 932 1112 992 is
1128 951 1197 994 ser-

107 1031 171 1075 uus
195 1013 228 1072 in
251 1011 342 1074 bonis
366 1011 496 1092 quidem
519 1016 670 1094 emptoris
693 1024 758 1094 est,
785 1033 830 1076 ecc
853 1015 922 1076 iure
945 1015 1116 1088 Quiritium
1139 1037 1196 1080 au-

46 1093 87 1154 47
107 1109 174 1160 tem
197 1098 374 1161 uenditorIs
397 1108 455 1160 est.
502 1100 630 1179 Mulier,
663 1118 745 1180 quae
769 1101 922 1178 intutela
946 1111 1009 1177 ost,
1038 1103 1112 1164 item
1135 1124 1197 1184 pu-

47 1180 89 1240 ts
109 1186 207 1267 pilius
239 1195 270 1245 et
302 1184 420 1264 pupilla
457 1187 677 1247 manumittere
712 1205 775 1248 non
803 1197 945 1266 possunt.
994 1188 1196 1251 Communem

44 1332 47 1340 ,
109 1267 242 1334 seruum
265 1289 347 1332 unus
372 1289 412 1330 ex
434 1269 569 1332 dominis
591 1271 841 1334 manumittendo
860 1282 982 1354 partem
999 1293 1087 1336 suam
1103 1276 1198 1336 omit·
1217 1284 1248 1330 44

7 1419 8 1422 ,
109 1359 161 1434 tit,
188 1376 289 1437 eaque
312 1355 467 1417 adcrescit
490 1359 582 1435 socio,
609 1360 746 1419 maxime
762 1359 789 1419 si
805 1378 841 1419 eo
858 1359 948 1420 modo
964 1363 1195 1440 manumiserit,

110 1463 185 1524 quo,
212 1444 238 1504 si
260 1443 422 1522 proprium
446 1441 587 1521 haberet,
614 1445 716 1505 ciuem
738 1445 913 1506 Romanum
936 1445 1077 1508 facturus
1101 1457 1195 1508 esset.

112 1549 185 1590 nam
210 1530 236 1590 si
252 1530 336 1590 inter
351 1529 467 1589 amicos
483 1547 555 1589 eum
571 1531 802 1606 manumiserit,
830 1530 992 1612 plerisque
1007 1533 1110 1613 placet
1126 1552 1198 1595 eum

51 1610 90 1669 49
110 1615 194 1676 nihii
217 1615 331 1694 egisse.
379 1615 517 1694 Seruus,
544 1616 577 1677 in
601 1633 663 1696 quo
686 1615 817 1677 alterius
840 1627 887 1678 est
910 1617 1126 1695 ususfructuS,
1152 1619 1199 1680 al-

109 1702 213 1763 terius
234 1701 428 1781 proprietas,
462 1721 481 1761 o
504 1702 709 1782 proprietatis
732 1701 858 1763 domino
880 1705 1095 1765 manumissus
1117 1703 1199 1767 iiber
1218 1716 1248 1763 tt

111 1806 176 1848 non
200 1787 245 1865 iit,
272 1787 329 1849 sed
351 1806 465 1848 seruus
489 1788 557 1848 sine
580 1786 706 1848 domino
730 1798 787 1848 est.

49 1868 90 1928 20
200 1875 269 1934 Post
290 1882 422 1934 mortem
445 1872 573 1934 heredis
596 1883 649 1934 aut
672 1882 745 1934 ante
761 1874 991 1935 institutionem
1007 1875 1134 1938 heredis
1150 1884 1200 1937 te·

112 1969 268 2020 stamento
291 1945 423 2020 liberta‘s
446 1959 514 2020 dari
538 1979 600 2020 non
623 1969 737 2039 potest,
764 1969 895 2040 excepto
911 1970 1099 2023 testamento
1116 1962 1200 2023 mili·

52 2040 86 2102 24
111 2047 165 2106 tis.
207 2046 293 2106 Inter
314 2045 436 2106 medias
459 2045 614 2107 heredum
636 2046 850 2107 institutiones
869 2045 1000 2108 libertas
1015 2045 1087 2108 data
1102 2049 1200 2110 utris-

112 2149 176 2210 que
198 2130 389 2192 adeuntibus
412 2151 474 2192 non
497 2133 593 2193 ualet.
633 2132 698 2192 solo
720 2140 826 2193 autem
848 2133 954 2211 priore
977 2131 1114 2196 adeunte
1131 2135 1199 2196 iure
1217 2145 1249 2190 to

112 2218 244 2296 antiquo
267 2217 369 2278 ualet:
396 2215 453 2278 sed
467 2228 537 2298 post
553 2219 655 2298 legem
673 2219 799 2298 Papiam
814 2219 1000 2298 Poppaeam,
1027 2237 1107 2299 quae
1127 2239 1202 2300 par-

7 2319 9 2352 2
112 2313 178 2365 tem
201 2321 264 2364 non
286 2303 434 2365 adeuntis
456 2302 606 2365 caducam
630 2302 719 2382 facit,
751 2305 778 2364 si
806 2304 937 2384 quidem
965 2305 1085 2383 primus
1108 2307 1200 2368 heres

7 2413 8 2416 ¹
112 2389 167 2451 uel
189 2389 239 2451 ius
262 2388 425 2451 liberorum
441 2391 491 2450 cet
506 2393 553 2451 ius
569 2391 734 2469 antiquum
750 2389 875 2469 habeat,
900 2392 1007 2453 ualere
1025 2411 1093 2453 eam
1109 2411 1201 2471 posse

7 2521 8 2524 ¹
112 2476 246 2556 placuit:
273 2474 359 2555 quod
382 2477 408 2537 si
430 2494 492 2537 non
516 2475 641 2553 habeat,
668 2494 731 2536 non
754 2477 861 2538 ualere
877 2487 1008 2556 constat,
1034 2477 1120 2556 quod
1135 2479 1201 2540 loco

7 2579 9 2634 ς
112 2580 178 2622 non
200 2561 346 2622 adeuntis
368 2561 510 2641 legatarii
525 2570 632 2641 patres
649 2561 784 2624 heredes
799 2563 890 2624 fiunt.
931 2573 1006 2625 sunt
1020 2573 1124 2625 tamen
1145 2566 1200 2644 qui
1219 2574 1250 2620 se

7 2651 9 2726 4
54 2643 94 2704 22
114 2657 145 2709 et
169 2648 227 2708 hoc
250 2665 325 2708 casu
347 2647 457 2708 ualere
482 2647 549 2708 eom
572 2666 662 2727 posse
686 2647 806 2709 dicunt.
840 2649 900 2721 Qui
916 2658 1103 2711 testamento
1120 2650 1201 2712 liber

113 2752 184 2796 esse
208 2733 314 2795 iussus
337 2741 401 2806 est,
435 2753 507 2794 mox
534 2751 629 2812 quam
652 2734 703 2795 uei
723 2753 806 2796 unus
830 2754 870 2796 ex
892 2734 1065 2796 heredibus
1087 2735 1201 2798 adierit

7 2823 8 2852 i
56 2815 337 2895 23.hereditatem‚
363 2819 446 2881 liber
468 2819 512 2880 fit.
553 2820 636 2881 Iusta
660 2819 791 2881 libertas
809 2829 997 2882 testamento
1014 2830 1116 2901 potest
1132 2820 1201 2882 dari

114 2907 164 2967 his
180 2907 294 2983 seruiS,
321 2906 375 2985 qui
391 2905 571 2967 testamenti
588 2904 725 2967 faciendi
742 2916 773 2967 et
789 2908 899 2968 mortis
913 2916 1055 2986 tempore
1072 2925 1116 2968 ecc
1132 2907 1201 2968 iure

114 2992 285 3065 Quiritium
307 2993 466 3053 testatoris
487 2990 626 3053 suerunt.
1169 3066 1171 3070 .
1220 3002 1250 3048 ³⁰

58 3075 95 3136 24
201 3080 264 3140 Lex
278 3078 364 3139 Fufia
381 3077 511 3138 Caninia
533 3077 622 3138 iubet
644 3086 829 3139 testamento
846 3077 1003 3139 extribus
1019 3079 1121 3140 seruis
1138 3097 1200 3138 non

113 3165 224 3245 plures
249 3182 344 3244 quam
367 3163 446 3225 duos
468 3164 656 3242 manumitti,
684 3173 715 3224 et
737 3182 840 3243 usque
856 3163 897 3225 ad
912 3163 1023 3226 decem
1038 3163 1201 3226 dimidiam

114 3260 239 3330 partem
267 3251 492 3311 manumittere
520 3249 680 3311 concedit:
714 3249 859 3310 adecem
881 3269 985 3329 usque
1008 3250 1049 3312 ad
1071 3252 1201 3332 triginta

7 3341 9 3366 '
114 3339 240 3398 tertiam
259 3345 392 3416 partem,
418 3346 454 3398 ut
469 3345 575 3396 tamen
591 3335 696 3397 adhuc
712 3338 855 3417 quinque
872 3337 1094 3398 manumittere
1111 3339 1203 3398 liceat

115 3524 166 3538 WV'

186 3651 196 3694 4
220 3645 289 3708 iure]
304 3647 347 3696 ius
363 3646 383 3697 G
404 3643 414 3712 ΙΙ
439 3648 452 3693 t
466 3647 537 3710 isqui
552 3645 572 3695 G
592 3641 602 3711 {i
626 3649 726 3695 canno
737 3648 765 3695 in
777 3647 857 3694 litura
870 3648 974 3708 scripsit
984 3659 1078 3696 manue
1091 3647 1175 3696 altero
1198 3641 1202 3708 Ι

117 3718 184 3764 tex
197 3713 264 3778 iure]
280 3716 307 3764 et
329 3714 397 3765 usG
421 3711 431 3780 ΙΙ
460 3713 656 3765 toedmittitG
679 3710 690 3780 ΙΙ
718 3717 748 3762 to
768 3713 878 3776 a]adG
902 3711 912 3780 ΙΙ
940 3718 970 3763 49
990 3714 1168 3778 utriusqueG
1199 3710 1203 3776 Ι

118 3787 144 3831 st
168 3783 324 3848 pompeiam
346 3783 378 3835 0²
411 3778 421 3848 Η
456 3786 487 3832 2³
513 3781 662 3834 liberorum
680 3784 725 3833 uel
743 3786 786 3833 ius
805 3783 967 3841 Lachmann,
988 3795 1037 3832 om.
1061 3782 1093 3832 0.·
1117 3784 1202 3843 possis

118 3855 195 3902 etiem
213 3865 273 3902 cum
290 3853 448 3903 Monunsono
467 3853 551 3916 patris
569 3853 614 3902 uel
633 3853 676 3902 ius
694 3853 814 3914 utpptcrc
841 3848 851 3918 ΙΙ
879 3852 972 3901 ualere
994 3848 1026 3901 Ob
1044 3853 1202 3912 (monuere-

118 3922 224 3982 cunda),
243 3921 340 3971 dales*
362 3920 394 3972 0⁸
422 3919 431 3986 ΙΙ
461 3924 492 3970 28
512 3922 581 3984 eam]
602 3921 660 3970 eius
679 3933 739 3971 eam
761 3920 781 3972 C
808 3916 818 3986 ΙΙ
847 3924 879 3968 27
898 3932 981 3983 quam
1000 3919 1044 3968 uel
1063 3919 1200 3979 Morezolt,

119 3992 243 4052 quamuis
264 3989 284 4040 G
311 3987 321 4052 ΙΙ
351 3993 382 4039 ²9
402 3989 458 4054 qui]
479 3991 525 4053 qui
544 3993 570 4040 et
589 3989 716 4053 Boeckicp
745 3985 755 4055 ii
783 4002 816 4038 ex
834 3988 902 4050 iure]
923 3990 948 4036 et
964 3987 1043 4038 iusG
1071 3983 1081 4053 ΙΙ
1111 3991 1141 4036 30
1162 3990 1203 4038 te-

120 4058 319 4109 stasestcresG
343 4055 354 4124 ΙΙ
380 4062 408 4107 34
428 4058 656 4110 testamentumC
679 4053 690 4123 ΙΙ
717 4062 748 4108 3³
765 4057 872 4107 decimo
889 4056 923 4108 G:
937 4055 1102 4118 eepecterab
1115 4057 1205 4108 unde-

122 4128 173 4176 cim
185 4133 210 4178 et
221 4129 342 4178 similiter
352 4127 424 4190 iufra
434 4141 462 4189 p.
478 4131 503 4189 8,
518 4132 528 4175 4
546 4127 659 4177 axxxl
673 4131 697 4176 ct
710 4131 723 4176 t
738 4141 753 4176 a
766 4127 798 4176 CI
