2926 4888
518 379 604 390 ...-
650 347 706 408 101
753 379 839 390 -
1055 343 1129 396 Paul.
1143 345 1219 408 itha

127 531 194 594 *ex
210 541 330 595 euentu
352 532 530 596 deficientis
550 531 743 595 condicionis
766 543 797 594 et
812 543 884 596 ortu
905 533 1047 613 nepotis,
1074 535 1128 616 qui
1143 535 1219 598 uiuo

58 617 107 678 42
129 615 214 681 *auo
235 628 307 700 post
335 628 470 681 mortem
491 620 591 700 patris
613 627 781 694 natusest,
805 618 936 700 definiri
961 627 1077 700 potest.
1124 622 1219 697 Quem

128 701 240 766 *filius
255 707 472 786 emancipatus
487 707 629 787 suscepit
648 705 701 768 uei
718 704 891 785 adoptauit,
909 706 958 767 sui
974 703 1102 768 heredis
1116 706 1218 769 iocum

130 785 188 852 *in
211 791 265 854 aui
280 793 496 871 successione,
523 792 694 873 sicutipse
716 800 824 872 pater,
850 790 993 854 obtinere
1016 809 1079 852 nou
1100 801 1216 873 potest.

75 878 81 914 s
129 875 324 958 *adoptiuus
349 886 454 939 tamen
470 895 528 940 nec
543 877 634 958 quasi
655 887 807 957 cognatus
821 876 974 938 bonorum
988 879 1219 958 possessionem
1238 890 1251 936 a

59 961 107 1020 43
129 960 225 1024 *eius
250 973 361 1044 petere
391 971 506 1044 potest.
552 965 586 1025 Si
607 966 656 1025 sui
684 963 820 1025 heredes
845 981 909 1024 non
936 971 1028 1042 sunt,
1055 962 1096 1025 ad
1122 982 1220 1044 agna-

119 1048 203 1110 ·*tos
218 1048 360 1130 legitima
372 1048 545 1112 hereditas
559 1048 750 1129 pertinebit,
769 1050 854 1111 inter
869 1066 948 1128 quos
963 1048 1101 1129 primum
1117 1049 1219 1112 iocum

129 1134 380 1216 *consanguinei
402 1134 558 1198 obtinent.
611 1126 721 1215 agnati
740 1144 845 1197 autem
868 1143 942 1196 sunt
970 1135 1093 1214 cognati
1115 1135 1219 1198 uirilis

130 1219 251 1283 *sexus
271 1239 331 1303 per
353 1221 479 1284 uirilem
494 1239 605 1283 semum
627 1220 875 1298 descendentes,
901 1222 984 1283 siout
1005 1220 1090 1282 iilius
1113 1219 1218 1284 iratris

57 1304 108 1364 44
131 1309 187 1369 *et
201 1316 335 1388 patruus
349 1316 382 1369 et
397 1306 549 1388 deinceps
564 1315 627 1369 tota
642 1304 832 1369 successio*
866 1307 953 1369 inter
975 1314 1103 1386 agnatos
1119 1315 1151 1370 et
1166 1325 1218 1368 co-
1237 1317 1271 1362 to

132 1403 248 1475 gnatos
263 1393 322 1472 hoc
339 1395 487 1472 interest,
511 1392 597 1473 quod
611 1394 644 1454 in
666 1393 789 1473 agnatis
805 1394 899 1454 etiam
914 1394 1036 1472 cognati
1052 1393 1221 1455 continen-

133 1489 207 1558 tur,
233 1479 319 1540 inter
340 1488 487 1560 cognatos
509 1495 586 1540 uero
608 1480 712 1559 agnati
733 1497 795 1541 non
817 1477 1141 1559 comprehenduntur.
1188 1489 1220 1540 ct

133 1564 210 1627 ideo
231 1573 365 1646 patruus
388 1573 420 1626 et
443 1574 576 1645 agnatus
596 1573 644 1626 est
668 1574 699 1626 et
721 1574 887 1644 cognatae,
912 1565 1091 1627 auunculus
1113 1573 1219 1627 autem

62 1647 110 1708 45
132 1650 528 1731 cognatus-tantummodo.
553 1649 802 1730 *Consanguinei
820 1659 894 1712 sunt
909 1648 1018 1713 codem
1033 1659 1124 1731 patre
1139 1649 1216 1730 nati,

131 1735 230 1798 *lieet
244 1736 383 1800 diuersis
398 1736 563 1816 matribus,
581 1738 636 1816 qui
653 1738 686 1797 in
700 1745 853 1817 potestate
869 1735 999 1798 fuerunt
1014 1737 1122 1798 mortis
1137 1745 1220 1798 tem·
1238 1747 1269 1796 tt

131 1823 250 1904 *poree
275 1823 445 1904 adoptiuus
467 1841 594 1904 quoque
610 1821 722 1902 irater,
747 1823 850 1884 sinon
872 1823 913 1884 sit
928 1822 1161 1902 emancipatus,
1188 1831 1221 1885 et

131 1905 188 1970 *hi
205 1909 261 1989 qui
275 1919 346 1991 post
361 1918 494 1970 mortem
505 1909 604 1990 patris
619 1909 686 1971 nati
697 1916 772 1971 sunt
786 1908 839 1972 uei
851 1927 977 1970 causam
987 1906 1217 1990 probauerunt.

64 1992 250 2057 tursmor
271 1996 341 2057 iure
362 1996 644 2076 consanguinitatis
666 2004 730 2058 tam
746 1994 786 2056 ad
811 1993 917 2057 fratris
932 2013 1028 2074 quam
1049 1994 1090 2057 ad
1105 1995 1219 2057 sororis

68 2075 113 2138 i'i
133 2079 365 2144 *hereditatem
398 2080 587 2144 admittitur.
636 2081 885 2162 Gousanguineis
906 2098 969 2143 non
992 2079 1220 2143 exsistentibus

133 2167 278 2248 *agnatis
290 2166 613 2247 deierturhereditas,
628 2177 722 2248 prout
730 2169 802 2247 quis
813 2167 947 2230 aiterum
960 2164 1061 2247 gradu
1071 2185 1220 2249 praeces-
1237 2178 1268 2224 40

61 2254 68 2278 ”
133 2253 252 2316 *seritz
277 2252 363 2334 quod
378 2253 530 2334 sipiares
546 2251 656 2317 eodem
673 2252 773 2333 gradu
788 2253 975 2331 consistunt,
994 2253 1089 2315 simui
1104 2251 1220 2315 admit-

69 2335 114 2396 48
132 2337 299 2402 *tuntun*
335 2340 368 2402 Si
384 2340 449 2402 sint
471 2337 585 2402 iratres
605 2337 748 2401 defuncti
767 2346 800 2402 et
817 2337 923 2402 fratris
943 2339 1000 2400 iiiii
1018 2339 1071 2401 uei
1089 2346 1221 2420 nepotes

70 2422 113 2482 49
133 2425 232 2490 fratre
247 2445 311 2488 non
323 2426 505 2505 exsistente,
525 2425 609 2487 filius
625 2423 731 2488 fratris
747 2425 855 2506 nepoti
869 2424 1059 2505 praefertur.
1094 2422 1177 2488 *Sed
1192 2425 1219 2486 si

133 2511 291 2575 *duorum
307 2509 439 2574 fratrum
454 2511 518 2574 sint
532 2510 635 2588 liberi,
654 2511 766 2572 nonin
782 2512 908 2592 stirpes,
925 2509 983 2573 sed
999 2512 1030 2572 in
1043 2512 1147 2592 capita
1161 2509 1220 2572 hc-

133 2597 274 2660 *reditas
289 2595 503 2676 distribuitur,
521 2597 643 2659 scilieet
656 2605 692 2659 ut
706 2615 763 2678 pro
777 2615 911 2659 numero
926 2597 1124 2677 singulorum
1139 2597 1220 2658 uiri·
1238 2605 1270 2654 aa

23 2678 213 2763 iiii-ffiiuim
224 2682 435 2746 distribuatur
445 2683 638 2746 hereditas*
651 2683 797 2745 Feminae
808 2682 849 2745 ad
860 2682 1053 2745 hereditates
1063 2681 1220 2761 legitimas

134 2771 221 2834 ultra
232 2771 485 2849 consanguineas
495 2769 707 2842 successiones
718 2788 781 2832 non
793 2768 1020 2832 admittuntur:
1039 2765 1137 2847 idque
1150 2768 1219 2832 iure

207 2960 232 3017 a,
247 2960 348 3008 u-eo
361 2977 393 3001 ε
409 2955 516 3008 corraso
528 2961 571 3020 40,
585 2961 610 3021 a,
625 2961 726 3008 44-40

206 3129 283 3179 test
293 3127 410 3192 definiri]
425 3128 487 3178 iniri
502 3127 590 3190 00444),
604 3128 681 3178 siniri
693 3128 780 3179 00441
795 3126 875 3178 Coit..v
902 3125 914 3188 ΙΙ
943 3125 1033 3190 quem]
1049 3127 1128 3187 ouius
1140 3126 1220 3179 eous

137 3198 315 3259 cott.w,cum
331 3196 410 3247 Coti.v
437 3196 449 3259 11
480 3195 1075 3261 tnequasicotta)(totl.v1,11equesicon.v
1104 3195 1115 3259 i}
1145 3198 1219 3247 ese·
1316 3203 1319 3210 ·

135 3279 202 3318 xum
215 3277 266 3316 ora.
280 3265 379 3316 codices
407 3264 418 3329 ΙΙ
449 3267 476 3314 44
493 3265 566 3329 quod
579 3277 630 3316 ora.
645 3265 708 3317 0044.
739 3263 750 3329 ΙΙ
781 3267 811 3313 ia
826 3265 853 3314 et
863 3263 986 3327 agnatus]
1001 3265 1113 3328 agnatus
1128 3264 1191 3316 Coit.
1209 3261 1220 3330 ii

137 3335 170 3384 44
191 3333 390 3399 tanmmmodo]
403 3333 591 3384 tantummodo
604 3335 645 3384 est
660 3333 721 3386 ocu.
753 3331 765 3397 n
795 3335 826 3382 47
845 3343 928 3382 causa
940 3335 1038 3384 codices
1066 3331 1077 3398 ΙΙ
1107 3336 1138 3382 40
1157 3345 1220 3397 gra-

133 3403 203 3454 dum
216 3404 315 3454 codices
351 3402 363 3466 ii
405 3405 436 3452 44
455 3404 478 3454 si
496 3404 551 3454 sint
567 3402 664 3453 iratres
681 3401 803 3452 defuncti
822 3401 849 3451 et
864 3400 962 3452 iratres
979 3400 1027 3460 filii
1043 3402 1089 3452 uei
1107 3404 1220 3468 nepotes

135 3473 197 3532 444,
217 3473 239 3522 si
259 3473 295 3523 sit
311 3471 394 3523 irater
410 3469 531 3523 deiunoti
549 3474 577 3522 et
593 3470 685 3522 iratris
702 3470 775 3522 fiiius
787 3473 814 3522 et
827 3483 911 3536 nepos
926 3471 1007 3522 Coti:
1027 3473 1049 3521 si
1063 3471 1118 3522 sint
1129 3469 1219 3522 iratris

134 3541 259 3592 deiunoti
277 3543 304 3592 et
320 3540 393 3592 fliius
411 3542 438 3590 et
455 3553 541 3605 nepos
557 3553 607 3590 sor.
651 3537 662 3603 ΙΙ
703 3543 736 3589 te
751 3537 881 3604 0004549
894 3539 950 3590 edd.
965 3553 1000 3589 ec
1013 3539 1131 3602 Epitomo
1141 3539 1220 3604 Aegi·

124 3612 217 3661 'diona
229 3611 349 3661 inserunt
360 3611 438 3660 haee:
451 3609 523 3661 iilius
534 3608 626 3660 iratris
638 3609 759 3659 intestati
771 3608 827 3659 filio
839 3608 943 3659 sororis
953 3607 1114 3674 praefertur,
1128 3607 1219 3659 404040

120 3680 258 3742 suppleat
269 3691 304 3730 eor
314 3679 458 3742 appendice
472 3681 496 3738 4,
511 3681 539 3728 7:
560 3677 672 3742 legitimi
688 3677 804 3729 heredes
821 3677 880 3728 iure
897 3677 993 3741 gallico
1012 3679 1083 3727 intra
1102 3677 1219 3728 centesi-
1290 3703 1293 3709 ·

124 3735 213 3798 'mum
232 3743 305 3798 diem
323 3748 376 3798 nisi
394 3746 513 3798 adierint
529 3739 725 3809 hereditatem,
751 3746 785 3798 ad
809 3746 948 3812 proximos
965 3745 1061 3797 eadem
1079 3745 1218 3796 successio

137 3815 311 3880 transiertur,
327 3815 625 3878 commemoria,
639 3813 847 3878 seeintaprea's
881 3813 893 3878 n
926 3813 1043 3865 iaminae
1057 3851 1063 3865 .
1079 3851 1085 3864 .
1102 3850 1108 3864 .
1123 3816 1154 3863 47
1167 3809 1218 3864 ad·

137 3885 291 3949 mittuntur]
311 3885 346 3934 od
363 3885 409 3935 boo
426 3897 525 3935 coemto
539 3883 670 3946 pertineat
687 3885 769 3934 uerbo
781 3884 934 3946 appendicis
947 3886 971 3943 4,
986 3887 1016 3934 4ι
1036 3882 1151 3933 ieminae
1167 3883 1217 3933 etsi

136 3954 208 4004 uitra
220 3951 438 4018 consanguineas
451 3953 615 4005 hereditates
627 3953 662 4003 ad
674 3954 876 4004 successionem
889 3951 1035 4015 legitimam
1049 3963 1104 4001 non
1116 3949 1218 4001 admit-

137 4023 248 4083 tuntur,
267 4022 449 4087 proximitatis
465 4025 555 4072 tamen
574 4021 609 4072 ad
626 4023 828 4072 successionem
846 4021 939 4086 petere
956 4033 1011 4071 non
1029 4018 1216 4084 prohibentur,

124 4103 203 4154 'quoe
220 4104 273 4141 coo
290 4095 350 4140 suast
363 4090 449 4150 Pauli,
469 4092 513 4141 sed
526 4091 691 4152 interpretis,
711 4091 769 4140 44004
785 4103 837 4139 coa
849 4090 970 4150 aicadrus,
990 4101 1065 4151 quem
1082 4087 1218 4153 Wisigotbi

134 4163 334 4223 emereamur
362 4157 374 4221 ii
403 4161 434 4208 44
454 4159 537 4223 idque
550 4159 608 4221 444,
623 4159 651 4210 id
662 4157 737 4223 quod
752 4159 841 4221 00444,
856 4158 884 4208 04
895 4155 969 4222 quod
985 4158 1071 4210 cous
