2926 4888
644 287 986 362 -150—‚

309 497 374 537 cum
390 479 476 536 hodie
492 481 537 536 hie
553 480 644 536 codex
659 481 688 536 in
703 479 797 536 media
813 477 827 554 §
842 483 857 537 l
875 479 999 548 deficiat,
1018 495 1071 535 nec
1087 482 1186 550 sciam,
1206 487 1302 535 utrum

309 568 419 636 integer
434 567 470 622 sit
485 583 521 622 an
536 567 657 622 tortasse
674 566 739 623 lolia
755 565 890 622 nonnulla
906 565 1000 620 excisa
1018 567 1085 622 sint.
1124 567 1180 622 hoc
1203 567 1301 636 utique
1445 599 1447 648 l

309 659 420 708 constat
442 652 515 708 duas
537 660 566 708 et
580 651 684 708 Graeci
706 657 735 707 et
749 653 839 708 Latini
862 657 1014 709 contextus
1028 653 1212 708 recensiones
1227 654 1302 707 inter

309 755 340 794 se
363 738 493 794 diuersas
515 738 560 794 his
578 736 658 794 libris
673 737 758 794 nobis
772 737 890 794 traditas
905 753 980 805 esse,
1006 753 1128 808 quarum
1145 738 1264 794 alteram
1282 740 1305 792 V

309 823 401 892 solus,
428 824 546 880 alteram
568 824 589 880 S
610 825 634 878 P
652 825 786 880 Pithoeus
808 829 1038 895 repraesentent,
1069 829 1097 878 et
1120 824 1207 880 modo
1229 824 1302 880 hanc

308 911 394 967 modo
409 910 486 966 illam
501 928 517 965 a
533 909 706 967 Dositheano
723 916 856 968 contextu
873 910 993 982 propius
1009 907 1123 966 abesse.
1167 925 1233 966 cum
1248 927 1302 965 au-

309 1003 374 1052 tem'
389 995 476 1052 huius
498 997 649 1066 fragmenti
671 995 775 1052 editori
797 994 826 1050 id
848 995 990 1066 agendum
1007 1009 1070 1050 esse
1086 1002 1164 1051 recte
1180 996 1303 1052 demon·

311 1083 445 1138 strauerit
457 1081 575 1138 Carolus
587 1081 751 1138 Lachmann
759 1073 796 1155 ¹),
814 1088 846 1136 ut
860 1082 1017 1152 genuinum
1032 1081 1218 1138 iureconsulti
1230 1099 1303 1154 opus

309 1168 502 1238 redintegret,
535 1170 563 1223 in
592 1167 645 1223 hac
668 1166 792 1223 editione
816 1167 946 1223 Latinum
964 1172 1128 1223 contextum
1150 1169 1302 1238 pristinum

310 1269 365 1325 ope
386 1255 567 1325 potissimum
589 1254 740 1324 utriusque
757 1253 844 1308 Latini
869 1259 1020 1309 contextus
1042 1254 1092 1323 qui
1114 1253 1238 1310 traditur
1253 1270 1302 1312 re-

309 1354 450 1411 cuperare
464 1340 637 1396 studuimus.
676 1345 827 1409 praeterea
842 1339 946 1395 Graeci
960 1345 1112 1395 contextus
1126 1341 1303 1410 comparatio

218 1445 221 1458 ·
310 1424 460 1481 nonnullas
482 1426 572 1481 Latini
602 1432 752 1482 contextus
780 1425 939 1482 locutiones
967 1440 1121 1495 peruersas
1151 1441 1186 1480 ex
1212 1441 1301 1495 praua

310 1511 411 1568 Graeci
433 1517 584 1567 contextus
605 1513 740 1568 uersione
762 1517 840 1568 ortas
862 1527 926 1566 esse
948 1511 1062 1566 docuit:
1088 1513 1181 1567 rarius
1202 1511 1251 1568 hic
1267 1527 1302 1567 eo

310 1597 400 1666 duxit,
426 1601 459 1652 ut
480 1596 618 1654 leuiculas
632 1597 772 1668 quasdam
788 1597 875 1652 Latini
892 1602 1042 1652 contextus
1056 1597 1238 1667 corruptelas
1253 1614 1303 1652 re-

310 1681 485 1740 centioribus
500 1684 618 1739 demum
632 1681 755 1739 librariis
770 1681 871 1738 deberi
885 1683 1127 1752 intellegeremus.
1167 1683 1196 1739 in
1211 1699 1302 1754 appa-

311 1776 374 1824 ratu
396 1770 495 1825 critico
517 1770 718 1839 componendo
739 1769 871 1824 codicum
890 1769 953 1824 Vet
969 1768 990 1824 S
1006 1769 1144 1824 lectiones
1160 1785 1196 1824 ex
1212 1769 1303 1826 Boeo-

309 1855 396 1925 kingii
411 1855 534 1911 editione
544 1849 564 1932 ²)
586 1857 792 1928 repetiuimus;
811 1854 921 1910 Pithoei
939 1855 1093 1911 editionem
1107 1856 1162 1924 ipsi
1177 1855 1303 1912 contuli-

310 1956 391 2009 muS,
423 1941 447 1995 P
472 1941 604 1997 dedimus
626 1941 662 1997 ad
684 1939 882 2013 apographum
903 1941 959 1995 uiri
982 1939 1135 1998 doctissimi
1159 1941 1302 1997 Delislea

311 2025 469 2083 Boucherio
484 2027 593 2083 editum
601 2020 637 2104 ³).
678 2033 764 2098 atque
779 2025 888 2082 Pithoei
903 2026 1021 2096 quidem
1035 2027 1190 2082 editionem
1206 2029 1234 2083 in
1249 2028 1303 2083 ad-

310 2115 454 2168 notatione
479 2114 575 2170 eritica
597 2129 655 2170 non
670 2113 851 2169 laudauimus
869 2112 923 2166 nisi
937 2112 988 2168 ubi
1004 2110 1040 2168 ab
1055 2112 1077 2168 S
1092 2113 1210 2170 recedit.
1252 2129 1304 2169 co-

311 2197 407 2253 dicum
425 2197 490 2255 VSP
508 2206 604 2254 autem
626 2199 741 2268 plenam
759 2184 918 2269 scripturae
935 2198 1155 2268 discrepantiam
1170 2201 1302 2255 enotaui-

311 2276 420 2358 mus4).
456 2282 515 2356 in§
535 2290 544 2341 t
567 2301 633 2340 cum
648 2285 750 2340 tradita
764 2284 848 2340 lectio
863 2285 947 2338 nimis
962 2281 998 2340 ab
1014 2300 1047 2339 ea
1065 2284 1196 2352 recedat,
1216 2301 1302 2356 quam

310 2371 461 2438 genuinam
483 2371 669 2426 iureconsulti
692 2370 778 2425 luisse
802 2369 924 2425 diuinari
947 2371 1039 2440 liceat,
1066 2373 1168 2440 pagina
1187 2372 1216 2427 in
1232 2372 1303 2428 duas

311 2455 458 2510 columnas
480 2456 573 2512 diuisa
595 2457 693 2526 priore
715 2455 778 2513 loco
801 2456 933 2511 traditam
953 2457 1116 2524 lectionem,
1142 2459 1303 2528 posteriore

312 2547 475 2597 contextum
498 2558 514 2597 e
533 2543 648 2612 regione
665 2543 817 2614 posuimus
832 2544 870 2597 ita
885 2543 1061 2610 restitutum,
1087 2549 1118 2597 ut
1134 2543 1194 2598 iere
1211 2544 1304 2600 lach-

311 2628 406 2684 manni
421 2630 618 2686 recensionem
634 2643 834 2699 sequeremur.
873 2625 888 2698 §
906 2631 920 2680 2
940 2634 968 2684 et
986 2633 1001 2685 3
1026 2643 1084 2685 uon
1101 2629 1234 2685 dedimus
1250 2631 1303 2685 nisi

311 2714 442 2769 traditam
463 2714 631 2771 lectionem:
662 2713 724 2770 fieri
747 2715 824 2769 euim
845 2729 932 2785 posse
955 2729 1107 2784 negamus,
1136 2720 1166 2770 ut
1188 2732 1223 2771 ex
1246 2725 1304 2771 tam
1396 2743 1398 2754 ·

311 2803 454 2871 corruptis
480 2802 643 2872 mutilisque
668 2801 817 2856 sententiis
842 2801 966 2869 genuina
991 2802 1088 2870 operis
1115 2800 1202 2856 facies
1228 2802 1305 2858 diui-

311 2885 405 2941 nando
424 2894 624 2957 recuperetur.
664 2893 751 2956 atque
774 2887 802 2940 in
825 2885 944 2956 reliquis
966 2901 1084 2957 quoque
1108 2901 1163 2941 non
1178 2894 1237 2942 tam
1252 2903 1305 2958 ge-

311 2972 431 3026 nuinum
456 2973 643 3029 iureconsulti
668 2987 832 3028 sermonem
854 2987 941 3042 quam
964 2988 1025 3028 rem
1048 2973 1138 3041 ipsam
1161 2989 1190 3043 q.
1217 2973 1247 3029 d.
1274 2992 1300 3031 a.

311 3057 431 3126 adsequi
446 3073 498 3114 nos
514 3074 599 3130 posse
614 3073 785 3128 persuasum
799 3056 951 3113 habemus.

374 3224 393 3271 V
405 3243 436 3266 =
450 3223 714 3287 Lugduno-Batuuus
726 3237 753 3272 n.
768 3226 799 3272 8⁰
814 3236 884 3273 seeo.
901 3223 938 3272 lX
950 3224 994 3273 uel
1008 3223 1032 3273 Χ

371 3291 390 3340 S
402 3312 433 3334 =
447 3292 712 3355 Lugduno-Batauus
725 3305 752 3341 n.
768 3296 795 3340 tit
815 3293 919 3356 (incipit
931 3290 943 3355 5
955 3295 979 3349 t)

371 3361 392 3408 P
404 3380 435 3404 --
449 3361 607 3412 parisiensis
619 3362 675 3410 Lat.
691 3364 756 3410 6508
770 3374 842 3412 suec.
856 3361 881 3410 X
893 3362 937 3412 uel
951 3361 986 3412 Xl
1009 3363 1113 3427 (incipit
1129 3359 1179 3426 Μ,
1194 3361 1245 3412 de-

421 3429 484 3478 sinit
495 3430 522 3478 iu
536 3427 548 3492 5
562 3431 575 3478 i
589 3441 616 3492 p.
633 3433 691 3490 titi,
706 3433 720 3477 8
733 3431 837 3492 libertis)

371 3494 436 3547 etto.
451 3517 482 3540 =
496 3497 600 3547 Pithoei
612 3498 693 3547 editio
706 3512 731 3548 a.
748 3503 811 3547 tote
830 3499 933 3562 (incipit
946 3497 958 3562 ᾗ
971 3501 994 3559 2)

309 3565 357 3614 uhi
370 3566 480 3616 Latinus
497 3569 525 3615 et
536 3567 656 3616 Graecus
672 3569 814 3616 contextus
830 3569 901 3616 inter
917 3581 946 3618 sc
958 3567 1122 3632 discrepant,
1143 3567 1220 3618 illum
1234 3571 1307 3621 notis

314 3629 344 3680 Vl
357 3635 402 3684 uel
416 3629 452 3695 8¹,
467 3635 540 3689 himo
552 3637 623 3685 notis
639 3633 673 3685 pu
683 3636 729 3685 uel
743 3634 775 3685 83
787 3635 980 3686 iudicauimus.

322 3753 530 3766 ΑΛΛΛΛΛΛΛΛΛΛΛΛ]
536 3753 595 3766 stulu*
604 3756 608 3765 κ
618 3757 642 3766 JJ
653 3754 675 3766 Ν
685 3755 692 3764 r
700 3755 736 3766 stru
743 3755 781 3766 ΑΙ.
789 3755 990 3767 ακΛΛΛκ-ΙΛΙΙΙΛΙ
1001 3755 1007 3764 Ι
1016 3755 1038 3768 ts
1045 3758 1053 3767 l
1063 3755 1151 3768 νΛΛιαν
1158 3755 1335 3771 luunt-'vuum
1344 3757 1346 3762 ¹

337 3823 354 3886 1)
375 3824 499 3875 Versuch
510 3823 580 3874 iiber
590 3824 744 3875 Dositheus.
765 3824 853 3874 Berlin
868 3827 942 3876 ⁴8³7.
959 3827 982 3873 t.

334 3889 354 4024 ἔξ
375 3892 937 4012 ῗοεῦίῐὴοίῦιξὲξίεῑτίίηῐθῳνοιεῐηθηῐοτυηι
948 3893 1017 3944 liher
1027 3895 1130 3946 tertius
1151 3895 1261 3948 Bounae
1274 3902 1349 3948 ittet.
1441 3965 1442 3980 ἶ

334 4027 354 4089 ⁴)
374 3998 449 4088 Quae
457 3975 488 4079 ΓΗ
499 4030 518 4080 S
530 4030 565 4081 ed
574 3976 724 4093 (iliturginem
736 4031 780 4080 uel
794 4021 875 4095 supre
888 4044 1000 4082 uersum
1013 4031 1150 4095 adscripto
1162 4037 1235 4094 sunt,
1249 4037 1354 4100 quippe
1441 4081 1442 4090 ,

265 4110 336 4160 quae
348 4097 383 4146 ad
395 4098 522 4162 scaligeri
536 4099 739 4150 emendationes
753 4099 874 4162 redeant,
889 4114 943 4150 non
957 4103 1244 4154 commemorauitnus.
