2926 4888
496 381 581 396 ...-
625 350 665 413 65
709 385 795 396 -..-
961 350 1034 401 Paul.
1049 351 1081 410 ll,
1098 354 1136 398 tn.
1154 353 1184 399 ιι

100 541 192 600 *meo
207 537 350 620 deposita
366 539 501 617 pecunia
518 539 545 598 is
561 556 659 618 penes
676 557 771 618 quem
789 537 929 619 deposita
945 547 994 600 est
1008 547 1132 618 utatur,
1150 549 1186 601 ut

100 626 154 686 *in
178 625 293 686 ceteris
308 624 409 685 bonae
425 623 499 684 fidei
520 623 646 685 iudiciis
667 643 779 686 usuras
796 625 865 686 eius
880 627 1007 686 nomine
1024 635 1186 705 praestare

62 712 81 770 6
100 711 200 772 *mihi
217 712 348 791 cogitur.
375 709 424 770 Ob
440 728 489 770 res
506 709 664 790 depositas
676 709 767 772 dolus
782 720 903 772 tantum
920 713 1076 792 praestari
1092 712 1182 774 solet.

47 799 83 856 6⁸
99 799 213 858 *Latae
228 797 339 876 culpae
355 796 427 856 finis
444 805 567 857 estnon
585 797 770 876 intellegere
787 795 820 858 id
836 795 920 876 quod
935 815 1043 858 omnes
1059 798 1186 858 intelle-

61 881 81 943 7
100 885 232 962 *gunt*
275 884 309 944 ln
331 881 447 943 iudicio
470 881 603 962 depositi
627 901 667 942 ex
688 901 773 943 more
801 892 831 944 et
852 881 973 944 fructus
996 885 1132 944 ueniunt
1152 894 1184 947 et
1202 895 1217 941 ι

60 971 80 1028 8
100 987 219 1030 usurae
235 969 282 1030 rei
298 967 458 1046 depositae
474 977 686 1048 praestentur.
724 969 775 1029 *Si
793 969 863 1048 quis
879 987 946 1030 rem
961 988 1061 1049 penes
1076 988 1110 1030 se
1127 969 1185 1031 de-

99 1055 254 1134 *positam
270 1053 354 1134 apud
370 1054 465 1116 alium
480 1053 679 1133 deposuerit,
698 1065 761 1114 tam
779 1055 844 1134 ipse
859 1054 1027 1132 directam,
1047 1073 1139 1134 quam
1158 1057 1185 1116 is

100 1142 177 1220 *qui
192 1140 280 1220 apud
295 1159 367 1202 eum
380 1140 525 1218 deposuit
540 1140 649 1202 utilem
665 1141 821 1202 actionem
836 1139 970 1221 depositi
981 1140 1099 1202 habere
1110 1161 1184 1221 pos-

62 1229 79 1286 9
99 1229 206 1288 *sunt
246 1227 279 1287 Si
295 1226 461 1306 pecuniam
477 1224 652 1306 deposuero
668 1244 761 1306 eaque
775 1229 821 1288 uti
835 1226 894 1288 tibi
910 1229 1093 1308 permisero,
1113 1247 1185 1288 mu-

98 1314 173 1374 *tua
193 1312 296 1391 magis
316 1312 446 1375 uidetur
466 1330 561 1391 quam
580 1311 740 1392 deposita,
766 1332 802 1374 ac
823 1332 880 1392 per
894 1313 952 1374 hoc
971 1313 1114 1392 periculo
1130 1323 1184 1374 tuo
1203 1323 1233 1368 to

42 1399 79 1458 to
97 1400 192 1460 *erit
239 1398 274 1458 Si
296 1417 362 1459 rem
383 1397 468 1477 apud
490 1407 520 1459 te
542 1397 716 1478 depositam
737 1397 921 1460 uendideris
942 1417 1075 1479 eamque
1099 1407 1185 1479 post-

98 1485 212 1564 *quam
239 1483 413 1545 redemeris
441 1483 638 1564 perdideriS,
676 1485 775 1546 semel
802 1484 938 1547 admisso
967 1484 1037 1546 dolo
1064 1504 1184 1565 perpe-

41 1571 74 1630 Μ
98 1572 173 1632 *tua
188 1569 325 1649 depositi
340 1570 461 1631 actione
478 1568 651 1631 teneberis.
691 1571 739 1630 Ex
754 1589 846 1632 causa
862 1570 997 1650 depositi
1018 1571 1088 1650 lege
1104 1570 1185 1633 duo-

99 1655 224 1718 *decim
245 1655 423 1718 tabularum
441 1657 474 1717 in
490 1655 621 1735 duplum
637 1657 716 1718 actio
732 1655 842 1734 datur,
861 1656 964 1718 edicto
979 1658 1135 1736 praetoris
1150 1659 1181 1718 in

41 1744 79 1802 ⁴2
98 1742 302 1821 *simplum*
339 1742 375 1802 ln
390 1760 483 1803 causa
508 1739 643 1822 depositi
665 1744 912 1823 compensationi
934 1744 1019 1804 loeus
1042 1753 1179 1820 nonest,
1204 1753 1234 1798 rs

99 1826 157 1889 sed
172 1847 226 1889 res
240 1830 308 1906 ipsa
324 1826 487 1889 reddenda
502 1838 560 1888 est.

604 1997 676 2079 [¹1¹¹]

62 2121 73 2178 l
185 2117 318 2180 Debitor
339 2118 401 2180 dist
389 2120 497 2180 tractis
518 2117 642 2180 fiduciis
662 2137 679 2179 a
702 2117 859 2180 creditore
882 2119 921 2181 de
920 2118 1104 2206 superfluo
1127 2119 1185 2180 ad-

49 2207 81 2264 l⁸
99 2223 215 2266 uersus
231 2224 304 2266 eum
328 2203 423 2266 habet
411 2205 608 2266 tectionem.
647 2205 698 2266 *Si
720 2215 773 2266 aut
775 2213 860 2266 emt
848 2185 970 2266 tardius
985 2204 1183 2284 superfluum

7 2333 11 2354 r
98 2291 266 2353 *restituat
281 2291 382 2352 credit
370 2299 418 2351 tor
434 2290 467 2351 id
482 2290 567 2370 quod
583 2288 667 2369 apud
684 2311 755 2352 eum
772 2289 950 2380 depositum
966 2301 1024 2370 est,
1043 2310 1083 2352 ex
1098 2309 1181 2351 mora
1202 2301 1233 2347 ao

7 2377 10 2460 ξ
98 2378 215 2438 *etiarn
235 2396 350 2440 usuras
369 2375 506 2438 debitori
528 2377 586 2437 hoe
608 2378 735 2438 nomine
757 2376 917 2456 praestare
940 2338 1101 2458 cogebdus
1122 2386 1180 2438 est.

50 2459 81 2523 lb
98 2463 197 2524 *Cum
214 2461 340 2524 debitor
351 2463 484 2543 gratuita
497 2463 632 2542 pecunia
644 2472 760 2540 utatur,
780 2473 880 2543 potest
891 2462 1029 2524 creditor
1041 2462 1081 2524 de
1097 2462 1185 2525 fruo-

98 2547 206 2610 *tibus
221 2550 268 2610 rei
291 2548 354 2611 sibi
374 2550 557 2629 pigneratae
571 2547 612 2610 ad
628 2547 754 2610 modum
776 2549 951 2628 legitimum
972 2567 1087 2610 usuras
1101 2549 1184 2609 reti-

61 2636 231 2698 2*nere.*
268 2633 433 2715 Quidquid
453 2633 591 2696 creditor
607 2653 666 2714 per
688 2633 887 2696 fiduciarium
909 2653 1040 2696 seruum
1055 2636 1183 2714 qnaesi-

61 2723 78 2782 3
99 2721 159 2799 uit,
179 2730 294 2782 sortem
307 2721 407 2782 debiti
425 2721 549 2782 minuit.
574 2718 703 2781 Debitor
718 2720 866 2783 creditori
881 2719 1023 2782 uendere
1035 2719 1181 2782 fiduciam
1201 2729 1233 2775 25

100 2825 164 2868 non
180 2816 301 2886 potest:
327 2806 385 2870 sed
400 2806 453 2867 alii
470 2808 497 2867 si
512 2807 590 2868 uelit
605 2805 748 2868 uendere
763 2816 883 2886 potest,
908 2807 951 2867 ita
972 2815 1007 2868 ut
1026 2825 1066 2868 ex
1081 2808 1182 2886 pretio

99 2892 245 2955 eiusdem
260 2893 427 2973 pecuniam
450 2893 559 2954 offerat
575 2891 741 2971 creditori,
765 2902 859 2972 atque
876 2893 919 2952 ita
938 2891 1184 2972 remancipatam

61 2984 77 3040 l
99 2977 162 3040 sibi
179 2998 246 3040 rem
262 2980 395 3057 emptori
409 2987 561 3058 praestet.
601 2979 633 3039 Si
650 2997 708 3058 per
723 2979 916 3058 suppositam
932 2995 1097 3057 personam
1113 2997 1185 3038 ere-

99 3063 187 3125 ditor
202 3065 318 3144 pignus
338 3083 431 3126 sunm
447 3066 547 3126 inuito
562 3063 707 3125 debitore
722 3066 969 3144 comparauerit,
987 3063 1104 3142 emptio
1119 3082 1182 3124 non

9 3187 11 3198 ·
101 3149 232 3212 uidetur
247 3159 278 3212 et
293 3149 364 3212 ideo
383 3149 574 3231 quandoque
589 3150 634 3212 lui
650 3159 768 3230 potest:
795 3169 835 3212 ex
849 3151 905 3211 boc
924 3151 1009 3211 enim
1024 3169 1118 3212 cansa
1131 3150 1184 3230 pi·
1202 3160 1233 3205 to

173 3393 214 3450 u,
229 3392 243 3438 e
257 3409 288 3432 =
306 3389 413 3440 eottauo
426 3393 468 3450 ro,
483 3392 537 3449 r‚o
561 3388 572 3451 ῃ
598 3393 637 3450 u,
654 3393 683 3437 c⁸
695 3409 726 3431 =
740 3389 799 3453 my.
816 3392 857 3449 so,
874 3392 914 3448 re,
930 3391 977 3438 aas
1002 3388 1014 3452 ιι
1044 3393 1082 3449 u,
1098 3393 1177 3438 r-rr

100 3458 437 3520 =Cortauoro,7,r-rr
465 3457 476 3520 ῃ
501 3457 813 3521 terebrarent
838 3457 849 3522 ῃ
873 3455 1182 3521 re,rb=mp.no‚n,a

96 3593 1081 3611 mmmmmnaevmmvvvmnmwmnmmvvwvxmwxmvmwwvmn
1087 3596 1091 3602 ¹
1101 3598 1112 3606 fv
1118 3593 1184 3606 ΛῚΧΧΛ

172 3683 185 3728 ι
198 3683 225 3729 ει
234 3677 347 3742 fructus]
362 3677 436 3739 coll,
449 3677 553 3728 fructus
562 3680 660 3728 codices
682 3679 692 3741 ΙΙ
718 3682 732 3727 6
744 3680 916 3742 praestantur
928 3679 1002 3738 Coit,
1013 3678 1185 3742 postulantur

98 3751 129 3812 L,
143 3749 316 3814 postulentur
326 3748 356 3797 M
376 3747 388 3810 ΙΙ
413 3751 426 3795 7
439 3747 571 3811 direptam
582 3749 679 3797 codices
702 3748 713 3809 ΙΙ
738 3751 752 3795 9
765 3761 850 3810 eaque
860 3749 899 3796 uti
909 3748 1025 3807 Blulme,
1039 3760 1099 3796 eom
1111 3747 1183 3796 banc

98 3832 182 3882 quem
195 3819 252 3876 lem.
264 3819 292 3866 in
302 3816 362 3880 quel
379 3815 467 3878 cotie,
478 3829 593 3880 eamque
605 3815 690 3865 Coll.w
703 3816 781 3866 Coti.v
801 3815 813 3881 ΙΙ
832 3817 984 3881 promisero
997 3815 1082 3865 coitu
1092 3814 1182 3876 mur,

99 3888 279 3937 commissero
301 3885 380 3935 Colle
425 3885 436 3948 ΙΙ
483 3888 511 3932 tt
533 3887 676 3949 postquam
695 3885 852 3948 redemeris]
872 3883 1022 3934 redemeris
1039 3886 1183 3948 postquam

102 3957 192 4017 bour,
213 3955 315 4004 redem.
331 3967 389 4003 eam
406 3956 549 4018 postquam
570 3953 665 4014 eorm,
686 3954 789 4003 redem.
804 3965 917 4016 eamque
931 3956 1074 4017 postquem
1093 3951 1181 4013 Golt',

99 4025 204 4075 redem.
217 4026 279 4088 post
290 4036 350 4072 enm
367 4022 487 4072 Cuiacius
518 4022 529 4086 ΙΙ
563 4025 692 4087 perpetua
709 4023 797 4082 Colli,
810 4025 968 4086 perpetuam
983 4019 1071 4080 Colle,
1085 4033 1184 4084 perpe-

99 4099 147 4145 tuo
164 4093 251 4144 eatur
289 4092 300 4153 ΙΙ
339 4095 369 4139 tl
389 4092 522 4140 rubricam
534 4091 568 4140 de
581 4091 639 4154 lege
653 4091 848 4153 commissoria,
863 4102 940 4151 quom
952 4090 1049 4139 codices
1061 4087 1152 4152 iater§
1168 4093 1182 4138 5

98 4170 123 4214 et
136 4167 151 4212 6
164 4164 292 4218 inserunt,
307 4162 365 4210 huic
377 4161 431 4210 loco
442 4161 611 4209 restituerunt
623 4161 679 4209 cdd.
