2926 4888
259 323 333 374 Paul.
348 324 380 384 V,
395 325 428 372 25
639 357 724 368 ...-
772 321 831 382 132
875 355 961 367 ...-

257 512 345 573 nium
366 509 601 591 perhibendum
622 512 675 573 uel
694 530 808 573 uerum
830 529 893 572 non
915 509 1153 591 perhibendum
1174 511 1348 590 pecuniam

257 598 415 678 acceperit
437 595 560 659 dederit
577 595 773 676 iudicemus,
798 608 833 660 ut
848 597 1037 660 sententiam
1054 595 1133 658 ierat
1147 597 1202 658 uel
1217 615 1281 658 non
1299 595 1350 656 ie-

258 693 316 763 rat,
334 683 510 764 corruperit
525 683 834 764 corrumpendumue
846 683 1017 761 curauerit,
1038 682 1224 744 humiliores
1239 683 1348 762 capite

257 770 449 848 puniuntur,
476 768 671 830 honestiores
694 767 862 850 publicatis
882 769 974 830 bonis
997 787 1070 832 cum
1092 769 1160 849 ipso
1182 767 1291 830 iudice
1312 771 1347 829 in

220 858 238 916 3
257 856 392 917 insulam
409 854 627 935 deportantur.
667 853 810 918 *Falsum
826 864 888 934 est,
907 854 1069 935 quidquid.
1080 856 1112 914 in
1128 856 1263 916 ueritate
1280 873 1345 915 non
1366 867 1380 912 5
1453 921 1454 932 ,

221 939 341 1020 l*est,
367 941 426 1003 sed
441 960 499 1021 pro
519 959 596 1002 uero
618 939 857 1003 adseueratur.*
900 941 1016 1020 ludex,
1042 941 1097 1022 qui
1114 949 1222 1002 contra
1237 959 1347 1002 sacras
1452 943 1454 1024 l

256 1027 435 1108 principum
458 1028 695 1088 constitutiones
716 1035 864 1090 contrane
883 1027 933 1090 ius
947 1026 1129 1107 publicum,
1155 1024 1242 1107 quod
1257 1025 1347 1108 apud

220 1113 238 1172 5
258 1131 292 1175 se
309 1114 474 1175 recitatum
490 1123 547 1192 est,
565 1114 758 1193 pronuntiat,
778 1113 811 1173 in
827 1113 962 1174 insulam
978 1113 1173 1193 deportatur.
1214 1113 1275 1184 Qui
1292 1131 1348 1172 ra-

257 1201 360 1260 tiones
381 1207 449 1259 acta
474 1198 598 1260 libellos
620 1197 728 1261 album
754 1201 950 1280 propositum
976 1201 1159 1261 testationes
1180 1199 1347 1261 cautiones

258 1284 465 1366 chirographa
486 1285 638 1365 epistulas
659 1287 763 1346 sciens
786 1285 855 1347 dolo
877 1286 957 1346 malo
984 1286 1016 1346 in
1039 1283 1181 1347 fraudem
1207 1285 1345 1346 alicuius
1367 1297 1396 1342 to

258 1369 415 1432 deleuerit
427 1372 598 1433 mutauerit
610 1368 782 1432 subiecerit
794 1370 1026 1452 subscripserit,
1041 1372 1138 1451 quiue
1150 1389 1203 1432 aes
1216 1370 1347 1432 inaura-

258 1457 342 1519 uerit
357 1458 582 1536 argentauerit,
600 1459 708 1537 quiue,
728 1476 799 1518 cum
816 1466 983 1538 argentum
997 1477 1110 1519 aurum
1125 1464 1271 1537 poneret,
1290 1475 1346 1518 aes

221 1545 238 1602 c
257 1541 634 1622 stannumuesubiecerit‚
651 1542 719 1604 ialsi
732 1561 831 1624 poena
844 1552 1019 1606 coercetur.
1036 1543 1258 1622 Amplissimos
1267 1541 1345 1603 ordo

257 1626 401 1690 decreuit
413 1647 466 1690 eas
478 1628 613 1708 tabulas,
628 1647 709 1708 quae
721 1628 843 1709 publici
855 1630 908 1692 nel
918 1630 1037 1709 priuati
1049 1638 1227 1690 contractus
1237 1630 1345 1708 scrip-

256 1723 360 1776 turam
376 1716 553 1794 continent,
572 1713 724 1784 adhibitis
739 1715 874 1778 testibus
895 1717 939 1776 ita
954 1716 1091 1796 signari,
1118 1715 1201 1776 utin
1219 1732 1344 1775 summa
1365 1726 1395 1773 444

257 1801 406 1880 marginis
415 1799 455 1862 ad
464 1801 600 1863 mediam
608 1801 1039 1881 partemperiorataetriplici
1050 1801 1346 1880 linoconstringan-

257 1895 308 1948 tur
323 1894 418 1966 atque
434 1887 598 1967 impositae
613 1905 709 1967 supra
725 1886 826 1949 linum
841 1907 933 1951 cerae
949 1888 1039 1966 signa
1055 1887 1288 1967 imprimantur,
1307 1894 1345 1948 ut

183 2022 185 2025 f
257 1973 407 2033 exteriori
420 1973 597 2052 scripturae
609 1973 703 2034 fidem
719 1975 853 2035 interior
867 1983 987 2035 seruet.
1018 1973 1110 2034 aliter
1125 1971 1252 2034 tabulae
1267 1988 1346 2050 pro-

207 2059 241 2116 tii
255 2059 338 2120 latae
353 2059 432 2118 nihil
448 2061 597 2120 momenti
612 2058 741 2121 habeut.
780 2057 1049 2137 *Testamentum
1068 2058 1153 2138 quod
1167 2059 1255 2120 nullo
1271 2059 1344 2120 iure

257 2141 379 2222 *ualet‚
398 2145 529 2224 impune
546 2147 769 2225 supprimitur:
795 2146 876 2206 nihil
893 2155 941 2208 est
957 2145 1059 2224 enim,
1079 2144 1164 2225 quod
1178 2164 1220 2206 ex
1235 2163 1272 2206 eo
1288 2155 1344 2206 aut
1364 2157 1394 2202 4ο

220 2231 237 2284 7
256 2229 403 2308 *petatur
422 2241 476 2291 aut
492 2233 664 2293 consistere
679 2230 812 2312 possit*
857 2233 917 2304 Qui
933 2231 1001 2294 uiui
1023 2240 1248 2292 testamentum
1263 2249 1345 2311 ape·

257 2315 358 2376 ruerit
374 2317 556 2378 recitauerit
568 2319 791 2397 resignauerit,
809 2336 910 2398 poena
921 2318 1000 2398 legis
1012 2317 1176 2379 Corneliae
1192 2327 1342 2378 tenetur:

257 2410 289 2464 et
308 2401 495 2482 plerumque
517 2412 571 2463 aut
592 2403 777 2465 humiliores
800 2405 833 2465 in
851 2404 1010 2466 metallum
1033 2403 1149 2465 dantur
1170 2414 1226 2465 aut
1241 2403 1345 2464 hone-

219 2489 237 2545 8
256 2489 367 2548 stiores
383 2487 415 2548 in
432 2488 568 2550 insulam
582 2488 796 2569 deportantur.
828 2490 944 2570 Siquis
959 2490 1169 2553 instrumenta
1185 2489 1251 2550 litis
1266 2509 1344 2552 suae

257 2584 490 2654 aprocuratore
506 2576 558 2636 uel
580 2576 739 2656 cognitore
756 2575 938 2638 aduersario
962 2575 1084 2657 prodita
1100 2594 1169 2638 esse
1191 2577 1343 2637 conuice·
1363 2587 1393 2632 45

256 2660 315 2738 rit,
345 2669 409 2721 tam
435 2670 620 2741 procurator
642 2680 737 2741 quam
759 2664 910 2742 cognitor,
941 2664 967 2723 si
983 2662 1168 2724 humiliores
1189 2671 1281 2740 sunt,
1308 2663 1342 2722 in

256 2747 417 2809 metallum
439 2746 643 2827 damnantur,
669 2749 695 2808 si
710 2749 906 2810 honestiores
924 2758 1012 2827 sunt,
1038 2746 1183 2828 adempta
1207 2746 1343 2808 dimidia

154 2831 205 2913 944
213 2829 240 2913 0)
256 2841 345 2912 parte
367 2831 521 2895 bonorum
543 2835 575 2894 in
595 2843 785 2915 perpetuum
801 2835 992 2914 relegantur.
1038 2835 1099 2906 Qui
1117 2833 1203 2894 falsis
1219 2834 1344 2896 instru-

256 2920 372 2980 mentis
387 2920 465 2980 actis
487 2920 631 2999 epistulis
646 2921 808 3000 rescriptis
830 2922 934 2982 sciens
949 2920 1019 2982 dolo
1041 2921 1121 2981 malo
1135 2939 1213 2981 usus
1229 2919 1339 2999 fuerit,

256 3023 356 3084 poena
377 3003 447 3066 ialsi
462 3015 641 3068 coercetur:
665 3005 802 3086 ideoque
817 3006 1003 3068 humiliores
1023 3007 1056 3067 in
1072 3006 1233 3067 metallum
1249 3005 1342 3067 dam·
1361 3016 1392 3061 st
1453 3027 1454 3060 t

156 3091 193 3150 40
206 3089 240 3172 (9]
256 3099 390 3169 uantur,
419 3091 615 3154 honestiores
641 3093 673 3153 in
700 3093 836 3154 insulam
862 3092 1078 3172 deportantur.
1124 3093 1342 3154 instrumenta

259 3244 550 3258 κων-νκΛΛΛΛΛΝ-υκΝνυυν
906 3235 1342 3260 rvvwvvvvaAAA-NVVWWVN'AW

326 3315 367 3370 as,
383 3314 396 3358 s
410 3332 442 3354 .-..-
458 3311 565 3363 Coacta
577 3316 631 3372 s‚s
661 3314 673 3377 u
702 3317 744 3374 ss,
759 3317 789 3363 or
801 3333 833 3358 .-.-
847 3315 907 3378 uta.
922 3316 964 3375 ts,
981 3318 1022 3374 to,
1038 3317 1109 3374 rao
1139 3313 1150 3376 ιι
1180 3318 1222 3373 es,
1240 3317 1265 3364 4.
1278 3317 1292 3362 s
1306 3333 1340 3356 ε

257 3379 316 3443 ota.
332 3382 373 3439 ts,
390 3383 431 3440 te,
447 3385 489 3440 er,
506 3385 558 3431 as
590 3380 600 3444 14
631 3386 672 3443 ss,
688 3386 718 3431 44
733 3403 765 3426 =
779 3383 839 3446 4449.
855 3385 896 3443 ts,
913 3387 953 3442 te,
969 3386 1040 3445 eso

261 3500 303 3512 ΜΛΔ
307 3499 1130 3516 WMWAMMMWMWNWMMAWWMAWW

326 3588 336 3634 4
358 3585 402 3635 uel
415 3599 443 3635 u.
458 3598 484 3635 n.
499 3586 576 3651 perh.
591 3599 639 3636 om.
658 3586 720 3638 Coti.
751 3586 762 3649 ΙΙ
793 3592 819 3636 44
843 3601 889 3638 aes
901 3589 962 3638 dett.
976 3602 1035 3638 etan
1047 3589 1271 3650 interpretatione,
1287 3602 1338 3638 om.

256 3655 305 3704 Mt
346 3653 357 3716 ΙΙ
400 3657 431 3704 45
450 3656 599 3718 signauerit
610 3657 707 3706 codices
754 3655 764 3718 ΙΙ
812 3657 1302 3722 tetrip1.1in0lr,ettript.n0dot
1330 3654 1341 3722 ΙΙ

256 3726 288 3771 44
307 3725 449 3788 impositae
463 3724 616 3785 Salmasius,
630 3726 788 3790 impositum
800 3727 897 3776 codices
925 3725 936 3788 ΙΙ
967 3729 998 3774 48
1017 3727 1176 3776 exterioris.
1191 3724 1209 3775 4.
1224 3727 1340 3776 interior
1377 3763 1389 3784 ,

256 3796 347 3844 seruet
358 3793 484 3856 Huschke,
498 3795 640 3844 exterioris
653 3807 674 3845 s.
690 3793 707 3845 i.
722 3795 836 3844 interior
847 3798 1002 3845 reseruaret
1013 3796 1049 3854 11,
1070 3796 1212 3846 exterioris
1224 3808 1246 3845 s.
1261 3793 1279 3844 l.
1295 3796 1338 3844 in-

255 3863 348 3913 teriori
362 3863 546 3912 seruaueritL
581 3862 592 3926 ΙΙ
631 3867 661 3913 44
680 3863 746 3927 legis
758 3876 807 3913 om.
823 3863 881 3927 1449.
915 3862 926 3926 ss
956 3867 986 3912 44
1007 3863 1165 3915 humiliores
1177 3866 1224 3914 aut
1236 3865 1297 3928 1449.
1328 3860 1339 3930 ll

255 3932 421 3982 damnantur
431 3933 491 3996 Dip.
532 3931 542 3995 ΙΙ
581 3935 611 3980 44
631 3933 842 3982 instrumentum
855 3933 914 3996 1449.
954 3932 965 3996 ΙΙ
1003 3933 1058 3982 litis
1070 3934 1142 3996 1449,
1157 3933 1281 3983 utilitatis
1294 3946 1339 3982 co-

255 4003 323 4050 dices
352 3999 362 4062 ΙΙ
393 4004 424 4050 st
443 4001 579 4065 proditum
592 4003 652 4066 1449.
684 4001 695 4064 11
725 4005 757 4050 it
777 4004 841 4052 sunt
855 4040 860 4052 .
876 4038 882 4050 .
899 4039 905 4051 .
920 4005 952 4050 44
967 4001 1136 4052 honestiores
1148 4001 1221 4066 sunt]
1236 4004 1271 4052 ad
1283 4003 1339 4052 sint

330 4069 499 4120 honestiores
516 4071 613 4120 doceat
632 4071 690 4133 1449.
740 4070 750 4133 ΙΙ
797 4074 827 4120 44
848 4068 1079 4134 94444444040444444
1097 4070 1210 4121 dimidia
1231 4070 1291 4134 1449.
1327 4067 1338 4135 ΙΙ

256 4141 288 4186 44
307 4138 375 4187 actis
387 4139 459 4198 dett,
473 4141 592 4203 acceptis
604 4139 634 4196 L,
648 4152 697 4189 ora.
713 4140 743 4188 M
