2922 4898
190 1434 281 1539 luris
289 1474 535 1538 Anteiustiniani
551 1477 670 1558 sylloge
685 1497 779 1558 quam
795 1480 846 1539 hic
857 1487 959 1540 tomus
970 1480 1189 1560 complectitur

102 1564 283 1625 continuari
295 1562 380 1624 uolui
389 1561 577 1624 Gaianarum
589 1565 823 1626 Institutionum
835 1563 1007 1627 editionem
1020 1584 1101 1628 auno
1112 1586 1188 1647 pro-

7 1653 26 1730 „
101 1650 188 1711 ximo
215 1668 233 1711 a
256 1647 411 1711 Guilelmo
434 1647 634 1711 Studemund
663 1669 787 1712 mecum
816 1660 971 1713 curatam:
1004 1650 1188 1715 absoluetur

7 1753 8 1792 ῑ
101 1744 210 1798 autem
232 1743 297 1796 tota
317 1734 456 1796 collectio
477 1734 631 1797 librorum
654 1736 734 1798 iuris
748 1734 994 1799 Anteiustiniani
1017 1739 1111 1799 tertio
1132 1741 1186 1817 qui

7 1811 9 1880 l
101 1840 200 1902 quam
221 1822 364 1902 proxime
387 1819 456 1882 fieri
476 1821 593 1901 poterit
608 1820 723 1884 edetur
737 1831 836 1900 tomo,
863 1842 925 1903 quo
940 1825 1086 1885 Vaticana
1102 1823 1188 1904 trag-

7 1909 9 1970 ἶ
102 1916 210 1970 menta
226 1917 258 1969 et
275 1907 404 1968 Collatio
420 1906 612 1969 aTbeodoro
623 1910 793 1970 Mommsen
809 1910 976 1988 recensita,
997 1909 1187 1972 Consultatio

7 2029 9 2066 ρ
101 2003 134 2056 et
150 1991 303 2056 Codicum
318 1992 504 2073 Gregoriani
525 2003 558 2054 et
573 1995 816 2074 Hermogeniani
839 1995 991 2075 reliquiae
1011 2004 1042 2058 et
1056 1995 1188 2077 Appen-

7 2125 8 2196 ,
25 2170 28 2182 1
102 2079 299 2228 gppptsulpegis
313 2080 469 2141 Romanae
485 2079 731 2160 Wisigothorum
752 2099 769 2142 a
786 2100 836 2142 me
853 2083 1031 2162 recognitae
1046 2083 1188 2144 contine-

189 2253 235 2314 De
259 2250 442 2313 condicione
465 2251 711 2332 fragmentorum
728 2271 809 2332 quae
826 2255 884 2315 hoc
898 2262 981 2315 tomo
997 2252 1189 2316 exhibentur

7 2359 8 2364 ¹
102 2357 176 2401 cum
193 2339 434 2418 exposuerimus
457 2339 490 2399 in
505 2335 754 2417 praelationibus
770 2339 821 2400 uel
837 2337 1091 2402 adnotationibus
1106 2359 1188 2419 quac

7 2471 8 2490 2
102 2424 239 2505 singulis
255 2425 446 2504 praemissae
462 2424 514 2484 uel
530 2422 673 2485 adnexae*
689 2433 778 2501 sunt,
797 2426 855 2486 hoc
871 2426 936 2487 loco
951 2444 1051 2506 pauca
1066 2427 1098 2486 in
1114 2428 1188 2488 uni-

7 2503 9 2584 ἷ
102 2529 234 2574 uersum
250 2507 483 2590 praemonenda
498 2518 583 2572 sunt.

8 2589 10 2670 ἓ
191 2597 278 2658 llanc
294 2594 509 2657 collectionem
524 2613 715 2675 quamquem
730 2595 907 2658 scholarum
924 2599 996 2659 usui
1012 2596 1188 2660 destinaui-

103 2701 192 2760 mus,
217 2691 322 2744 tamen
343 2681 436 2761 plena
451 2680 646 2761 supellectile
663 2683 770 2742 critica
785 2683 994 2744 instruximus
1009 2701 1115 2763 neque
1131 2683 1188 2745 de-

103 2770 189 2831 lectu
212 2767 373 2830 uariarum
393 2767 564 2829 lectionum
587 2767 725 2830 contenti
744 2765 861 2830 luimus
876 2769 938 2830 nisi
954 2768 1188 2849 inlragmentis

8 2865 10 2932 ῗ
104 2873 146 2916 ex
168 2853 239 2915 aliis
260 2851 351 2916 libris
372 2853 497 2934 petitis,
524 2872 658 2933 quorum
680 2853 807 2916 criticae
828 2853 983 2916 editiones
998 2856 1050 2916 uel
1067 2864 1185 2932 extant,

8 2947 9 2950 ’
105 2941 195 3003 uelut
216 2939 413 3019 Digestorum
437 2939 690 3018 Iustinianorum,
715 2940 767 3002 uel
782 2941 815 3000 in
836 2941 930 3002 tertio
950 2949 1033 3002 tomo
1055 2939 1188 3002 exhibe-

103 3025 238 3088 buntur.
278 3034 420 3087 ceterum
439 3034 504 3088 tam
527 3044 567 3086 ex
586 3025 636 3087 his
659 3024 895 3088 collectionibus
916 3045 1011 3106 quam
1033 3046 1072 3088 ex
1094 3027 1189 3090 lusti-

104 3114 200 3174 niana
215 3105 433 3192 compilatione
449 3120 597 3192 excerpta
612 3112 690 3173 iuris
705 3112 826 3193 antiqui
843 3114 875 3174 in
887 3112 945 3174 hoc
956 3111 1095 3176 secundo
1107 3121 1188 3174 tomo

8 3197 10 3278 j
104 3217 168 3260 non
189 3197 397 3278 repetiuimus
419 3197 482 3259 nisi
504 3196 544 3259 ad
567 3198 653 3259 Pauli
676 3199 851 3260 sententias
872 3207 903 3260 et
923 3198 1049 3279 leiani
1072 3198 1188 3261 librum

105 3285 289 3365 regularum
305 3282 582 3364 redintegrandos,
602 3293 638 3346 ut
652 3283 799 3346 omnibus
814 3285 926 3346 horum
941 3303 1088 3365 operum,
1107 3304 1189 3365 quae

105 3380 136 3432 et
156 3371 226 3450 ipsa
248 3371 381 3432 seorsim
401 3368 517 3431 tradita
544 3379 629 3449 sunt,
654 3370 837 3450 fragmentis
852 3373 1032 3452 compositis
1051 3372 1189 3452 genuina

104 3475 215 3518 eorum
230 3454 328 3517 forma
344 3457 449 3536 aliquo
466 3455 557 3517 modo
572 3465 826 3536 recuperaretur.

191 3542 227 3603 ln
250 3550 398 3603 contextu
415 3540 562 3604 editionis
578 3541 737 3603 inclinatis
753 3542 866 3605 litteris
884 3562 921 3604 ea
937 3558 1086 3624 expressa
1102 3551 1186 3620 sunt,

106 3631 138 3690 in
159 3626 279 3709 quibus
299 3627 352 3690 uel
373 3627 390 3688 a
411 3626 525 3690 tradita
547 3627 680 3689 lectione
704 3626 918 3690 recedendum
941 3637 1009 3690 erat
1030 3628 1083 3691 uel
1098 3627 1190 3689 lectio

8 3741 9 3762 t
106 3716 172 3796 ipsa
194 3722 324 3795 propter
345 3714 487 3776 mutilam
509 3721 674 3776 contextus
695 3712 911 3776 condicionem
928 3713 1100 3796 supplendi
1120 3711 1190 3774 offi-

106 3800 189 3863 cium
204 3798 393 3881 postulabat,
414 3798 447 3861 id
463 3809 511 3861 est
526 3800 558 3860 in
576 3801 622 3862 eis
637 3799 808 3880 opusculis,
827 3819 908 3881 quae
924 3820 986 3863 uno
1002 3798 1109 3861 codice
1126 3799 1189 3860 solo

106 3895 231 3949 seruata
247 3894 331 3948 sunt.
373 3894 468 3966 atque
491 3904 552 3966 quo
573 3883 696 3948 facilius
712 3887 744 3946 in
761 3887 811 3947 his
827 3886 969 3948 lectionis
984 3885 1122 3946 hiatibus
1138 3903 1190 3946 co-

107 3971 185 4034 dicis
202 3970 344 4034 condicio
360 3991 400 4032 ex
416 3973 484 4052 ipsa
501 3971 638 4034 editione
655 3983 904 4052 cognosceretur,
928 3971 1122 4051 singulorum
1138 3991 1191 4032 co-

107 4057 186 4120 dicis
201 4076 353 4121 uersuum
369 4055 449 4119 fines
464 4057 547 4119 linea
565 4053 587 4140 l,
610 4059 795 4138 paginarum
820 4058 897 4119 fines
921 4057 1013 4120 lineis
1027 4052 1037 4139 ll
1056 4075 1119 4118 non
1138 4076 1190 4118 se-

107 4161 161 4206 cus
182 4154 277 4224 atque
303 4143 334 4204 in
351 4143 406 4205 Gai
429 4142 566 4205 editione
590 4143 818 4222 iudicauimus,
843 4152 874 4205 et
895 4141 952 4206 ubi
972 4144 1093 4205 hiatum
1115 4144 1191 4206 satis

1189 4231 1192 4252 Ι
