2926 4888
487 380 574 394 ...-.
618 347 658 410 93
701 381 788 394 ...-
973 347 1048 402 Paul.
1062 348 1108 407 Ill,
1124 349 1180 396 a?

94 535 218 615 genteis
240 535 353 616 legatis
373 553 410 598 ea
432 537 535 598 omnia
558 536 778 614 continentur,
804 553 884 615 quae
900 535 1063 616 capacitati
1086 535 1179 597 alloni

93 630 280 701 praeparata
295 631 387 700 sunt,
406 631 438 684 et
453 620 524 683 ideo
538 633 603 683 tam
618 624 738 703 potoria
755 640 848 702 quam
866 622 1001 699 escaria,
1027 621 1102 682 item
1118 622 1180 684 mi·
1239 634 1240 638 ’

93 708 227 768 nisteria
242 709 346 769 omnia
364 707 584 788 debebantur,
609 708 709 769 ueluti
725 707 844 770 urceoli
866 708 971 769 lances
985 708 1112 787 patinae
1127 708 1179 787 pi-

92 795 268 873 perataria:
296 793 470 855 cochlearia
493 813 618 874 quoque
642 795 782 874 itemque
804 793 918 854 trullae
940 793 1052 855 calices
1067 793 1177 874 scyphi

23 878 68 936 87
93 888 126 941 ct
141 879 191 940 his
207 879 332 940 similia.
369 879 472 941 Libris
486 880 599 960 legatis
614 890 676 942 tam
692 880 818 942 chartae
833 879 994 956 uolumina
1008 878 1062 940 uel
1077 897 1178 940 mem·
1196 887 1217 935 s

92 965 211 1027 branae
235 975 265 1027 et
287 965 433 1046 philyrae
455 967 671 1028 continentur:
705 964 830 1028 codices
852 983 978 1044 quoque
1000 963 1174 1026 debentur:

92 1049 249 1112 librorum
271 1053 356 1113 enim
385 1051 593 1134 appellatione
624 1070 686 1113 non
707 1050 870 1114 uolumina
892 1051 1088 1129 chartarum,
1121 1048 1178 1110 sed

23 1136 69 1194 88
91 1138 268 1217 scripturae
285 1133 467 1216 modus'qui
482 1148 567 1198 certo
582 1137 645 1198 fine
661 1137 859 1199 concluditur
873 1137 1068 1198 aestimatur.
1092 1134 1178 1198 Auro

91 1224 194 1304 legato
210 1241 352 1304 gemmae
371 1240 497 1304 qnoque
520 1223 661 1308 inclusae
685 1224 825 1303 itemque
839 1223 1027 1302 margaritae
1047 1229 1076 1284 et
1094 1240 1176 1283 sma-

2 1375 3 1380 1
91 1307 183 1388 ragdi
199 1310 300 1390 legato
317 1309 444 1370 cedunt.
486 1309 542 1370 sed
559 1311 658 1390 magis
674 1318 722 1370 est
741 1309 914 1370 uoluntatis
929 1327 998 1381 esse
1014 1309 1177 1388 quaestio·
1197 1319 1234 1362 tt>

91 1413 183 1455 nem:
209 1395 484 1458 †inieotum'enim
504 1413 616 1458 aurum
636 1394 823 1457 debebitur:
849 1394 965 1456 facturn
982 1395 1066 1456 enim
1083 1413 1176 1455 orna-

23 1480 68 1539 89
90 1489 270 1542 mentorum
295 1500 413 1562 genere
441 1481 631 1562 continetur.
684 1482 774 1543 Vasis
796 1480 954 1562 argenteis
976 1481 1087 1560 legatis
1109 1499 1176 1541 em·

24 1568 67 1625 90
90 1567 231 1628 hlemata
243 1585 370 1648 quoque
386 1585 426 1634 ex
441 1586 516 1630 auro
528 1567 626 1628 infixa
641 1567 742 1648 legato
754 1566 882 1628 cedunt.
906 1565 1044 1647 Argento
1055 1566 1176 1646 potorio

89 1653 193 1733 legato
208 1654 312 1714 omnia
328 1671 410 1733 qnae
425 1651 465 1714 ad
480 1653 662 1734 poculorum
684 1653 821 1733 speciem
837 1661 1016 1732 comparata
1030 1661 1105 1713 sunt
1119 1650 1177 1712 de-

91 1737 270 1818 bebuntur,
289 1739 390 1802 ueluti
405 1749 532 1820 paterae
549 1738 663 1802 calices
679 1739 788 1820 scyphi
807 1738 925 1801 urceoli
939 1738 1130 1818 oenophoria
1146 1748 1177 1799 et
1196 1749 1233 1792 ⁴⁵

24 1826 61 1885 at
91 1824 240 1890 conchae..
289 1825 426 1886 Carruca
449 1844 520 1887 cum
537 1827 683 1886 iunctura
705 1825 807 1905 legata
823 1824 926 1885 mulae
950 1841 1075 1904 quoqne
1090 1824 1177 1904 lega·
1271 1889 1273 1896 1

89 1919 159 1985 tae,
184 1929 246 1972 nort
261 1919 293 1972 et
312 1912 407 1973 mulio
422 1911 567 1992 uidetur,
586 1919 717 1991 propter
732 1908 918 1971 cotidianam
933 1908 1086 1990 loquendi
1101 1927 1177 1970 con-

8 1999 68 2058 at*
89 1995 307 2058 suetudinem.
345 1997 462 2059 *Heres
477 2016 606 2059 seruum
626 1997 807 2077 proprium,
834 2013 930 2076 quem·
943 2004 1074 2057 testator
1089 1993 1181 2076 lega·

87 2081 210 2162 *uerat
224 2081 474 2144 manumittendo
486 2083 565 2144 nihil
576 2084 651 2162 agit,
671 2083 744 2162 quia
756 2082 906 2144 scientiae
917 2080 970 2144 uel
982 2082 1175 2161 ignorantiae

8 2164 67 2230 illb
87 2169 179 2230 *eius
190 2169 309 2230 nullam
325 2168 443 2249 placuit
454 2169 576 2230 admitti
592 2168 755 2229 rationem.
780 2167 936 2247 Libertus,
956 2169 1056 2247 quiin
1068 2169 1173 2247 priore
1194 2176 1232 2222 ²0

90 2255 202 2336 *parte
217 2257 397 2318 testamenti
413 2256 550 2336 legatum
562 2263 725 2334 acceperat
741 2263 774 2315 et
788 2254 930 2334 ingratus
944 2264 1052 2334 postea
1065 2253 1174 2328 eadem

88 2341 268 2420 *scriptura
289 2359 307 2402 a
329 2349 478 2403 testatore
505 2340 682 2421 appellatus
704 2348 769 2418 est,
802 2350 990 2402 commutata
1011 2340 1174 2401 uoluntate

24 2429 67 2490 92
88 2427 265 2488 *actionem
281 2446 322 2488 ex
344 2437 530 2488 testamento
545 2423 664 2487 hahere
687 2445 749 2487 non
764 2426 900 2506 potest*
944 2426 1073 2488 Prolatis
1088 2425 1174 2488 codi-

88 2513 171 2574 cillis
187 2513 240 2574 uel
262 2512 323 2573 alio
339 2521 542 2590 testamento,
568 2510 685 2592 quihus
699 2511 880 2592 ademptum
905 2521 953 2574 cst
968 2513 1106 2593 legatum
1123 2514 1172 2576 uel

88 2608 175 2660 certe
193 2599 371 2678 rescissum,
390 2617 558 2678 perperam
574 2597 677 2659 soluta
692 2607 893 2678 repetuntur.
1192 2608 1230 2653 ae

323 2819 372 2900 [vn
417 2840 452 2882 nn
474 2838 582 2882 ucnrrs
604 2837 692 2881 clvsr
715 2819 942 2900 nonrrronrnvs]

46 2945 58 3002 t
175 2941 282 3002 Mortis
297 2959 390 3002 causa
405 2939 500 3002 donat
516 2940 571 3020 qui
587 2939 628 3000 ad
644 2939 761 3001 bellum
777 2939 983 3020 proficiscitur
998 2948 1029 3000 et
1044 2939 1099 3018 qui
1114 2957 1175 2999 na·

85 3031 193 3108 uiget,
220 3047 256 3088 ea
273 3027 391 3088 scilicet
413 3025 614 3105 condicione,
630 3035 683 3103 ut,
704 3027 731 3087 si
746 3043 894 3087 reuersus
910 3024 1021 3102 luerit,
1042 3021 1103 3085 sibi
1119 3043 1174 3085 re-

44 3118 64 3175 Ξ
85 3116 247 3191 ειίωειιιπ,
267 3113 293 3174 si
308 3113 459 3194 perierit,
478 3129 577 3192 penes
593 3131 664 3177 eum
681 3121 842 3173 remaneat
857 3113 907 3173 cui
925 3110 1064 3172 donauit.
1110 3111 1175 3170 Do—

85 3339 104 3350 m
107 3337 119 3349 Α
125 3337 135 3346 ¹¹
140 3331 1170 3351 wvwvwvvmmnmmwwvvvwmwvxmvwmwvwmmmm

159 3477 184 3533 o,
200 3477 246 3521 en
258 3493 288 3516 =
304 3473 363 3536 nro.
379 3475 422 3533 ro,
436 3476 461 3534 e,
477 3476 508 3522 aa
539 3473 550 3536 11
581 3475 605 3534 e,
620 3469 667 3520 erb
680 3491 711 3514 --
727 3472 785 3535 nro.
801 3475 843 3536 et,
860 3475 883 3534 t,
898 3475 930 3522 ac

1122 3658 1170 3671 ΛΛΛ·

158 3817 297 3879 tpoticra
310 3816 344 3875 Μ,
364 3816 531 3880 potatorieh
577 3813 589 3876 ll
636 3815 826 3879 ipatinaell‚
845 3815 975 3879 pateneh
1010 3814 1021 3876 11
1055 3827 1174 3879 pepera—

86 3887 155 3936 tarla
170 3884 207 3943 Μ,
226 3883 422 3949 piperatoriah
451 3884 462 3946 11
492 3882 650 3934 tcocliaria
663 3885 711 3934 alt
740 3886 751 3948 11
780 3882 932 3948 tphllyrae
946 3883 1075 3942 Cuiooior,
1088 3883 1174 3948 phyl-

85 3954 158 4005 lidae
171 3953 270 4003 corticeo
303 3952 315 4014 11
350 3952 769 4016 emerueritaeasmaragdillh
810 3953 822 4015 11
864 3955 891 3999 tt
914 3951 1169 4012 enimportiaotum

85 4025 153 4074 delet
171 4021 304 4071 Huschke:
329 4021 374 4070 red
396 4022 518 4072 uidentur
535 4022 662 4071 nonnullo
679 4023 839 4072 intercidisse
884 4019 896 4082 1
934 4023 976 4069 ae
1000 4018 1118 4070 enoieria
1137 4019 1168 4081 L,

84 4091 238 4143 enoleraria
252 4091 279 4139 M
313 4089 324 4152 11
362 4093 391 4138 lt
411 4088 475 4152 non]
490 4102 541 4139 nec
553 4102 608 4140 non
620 4089 651 4149 L,
665 4103 714 4140 orn.
730 4091 760 4140 Μ
765 4108 773 4138 .·
786 4089 872 4138 mulio
885 4091 975 4139 auwm
988 4101 1042 4138 non
1054 4087 1177 4138 debetur.

85 4162 271 4222 interpretatio
298 4159 309 4220 11
339 4160 369 4206 rt
389 4157 515 4222 adempto
528 4162 568 4208 est
579 4158 666 4222 legato
679 4159 727 4208 lll.
757 4159 768 4222 11
798 4161 829 4208 aa
849 4159 944 4208 solutis
957 4157 1005 4207 lllL
