2922 4898
271 315 331 382 le.
347 320 388 367 23.
403 319 435 365 st
663 349 747 360 ....
791 314 831 376 28
875 347 961 360 ..-

233 506 250 565 i
356 506 492 566 beritum
516 505 550 566 lit
578 512 818 581 testamentum,
844 506 871 565 si
892 512 1022 566 testator
1047 505 1149 585 capite
1172 503 1358 568 deminutus

272 590 377 668 luerit,
397 600 451 652 aut
467 591 493 651 si
509 593 580 652 inre
597 589 676 652 iacto
691 600 878 652 testamento
893 609 987 651 nemo
1004 591 1146 651 extiterit
1158 591 1267 652 heres.

233 677 251 736 5
357 678 390 738 Si
406 677 433 737 is
449 678 505 756 qui
520 686 745 738 testamentum
757 675 831 737 feeit
846 675 887 737 ab
902 675 1046 737 hostibus
1062 686 1172 758 eaptus
1187 679 1238 756 sit,
1258 687 1358 741 testa·

271 771 413 824 mentum
425 764 494 824 eius
505 763 600 842 ualet,
612 766 638 823 si
651 761 781 843 quidem
793 780 944 827 reuersus
956 760 1062 841 fuerit,
1074 763 1144 824 iure
1155 763 1355 844 postliminii,

273 851 298 909 si
315 868 391 910 uero
407 848 452 910 ibi
467 848 651 927 decesserit,
671 849 796 928 exlege
812 848 967 926 Cornelia,
986 867 1062 930 quoe
1077 848 1212 928 perinde
1227 869 1357 912 succes·
1376 865 1387 909 s

274 935 396 997 sionem
412 935 481 996 eius
496 934 670 1012 confirmat,
688 943 784 1014 atque
801 935 826 994 si
844 936 876 995 in
893 936 1020 996 ciuitate
1036 934 1237 996 decessisset.

235 1021 253 1080 6
358 1021 392 1082 Si
407 1030 530 1101 septem
542 1023 642 1100 signis
656 1022 784 1082 testium
800 1021 959 1100 signatum
974 1021 1016 1081 sit
1030 1019 1265 1099 testamentum,
1284 1023 1357 1084 licet

272 1108 342 1168 iure
371 1107 457 1167 ciuili
478 1117 606 1186 ruptum
629 1107 682 1168 uel
706 1107 836 1167 inritum
859 1106 975 1167 iactum
1001 1108 1059 1185 sit,
1082 1117 1211 1187 praetor
1231 1107 1359 1189 scriptis

273 1191 446 1254 heredibus
461 1194 549 1254 iuxta
571 1192 696 1254 tabulas
712 1189 867 1253 bonorum
882 1193 1111 1272 possessionem
1127 1192 1196 1269 dat,
1217 1195 1244 1255 si
1260 1203 1359 1256 testa-

272 1289 321 1340 tor
342 1287 372 1340 et
392 1280 472 1340 ciuis
488 1280 645 1340 Romanus
661 1287 692 1339 et
715 1296 790 1340 suae
812 1279 977 1357 potestatis
992 1298 1063 1340 oum
1084 1289 1262 1352 moreretur
1279 1279 1355 1342 fuit:
1376 1294 1401 1336 ro

273 1383 367 1445 quam
390 1364 543 1425 bonorum
565 1365 796 1442 possessionem
811 1384 883 1426 cum
899 1384 943 1442 re,
963 1363 997 1426 id
1013 1374 1060 1425 cst
1075 1384 1147 1426 cunr
1168 1366 1284 1427 effectu
1301 1367 1359 1427 he-

273 1450 357 1527 bent,
377 1451 403 1511 si
419 1455 511 1512 nemo
526 1452 607 1512 alius
623 1453 693 1512 iure
709 1451 804 1512 heres
819 1452 869 1511 sit.

235 1539 253 1598 7
360 1537 481 1597 Liberis
503 1535 725 1616 impuberibus
741 1538 774 1597 in
796 1545 950 1615 potestate
971 1536 1174 1598 manentibus
1195 1546 1259 1598 tam
1276 1541 1359 1599 natis

273 1642 367 1703 quam
383 1624 537 1703 postumis
559 1623 696 1684 heredes
712 1622 904 1684 substituere
920 1633 1069 1702 parentes
1089 1633 1222 1702 possunt
1237 1623 1357 1704 duplici

273 1709 378 1770 modo:
406 1709 439 1770 id
454 1719 572 1772 estant
587 1729 640 1788 eo,
661 1728 717 1790 quo
734 1710 912 1786 extraneis,
931 1718 982 1786 ut,
1002 1711 1028 1770 si
1045 1708 1180 1770 heredes
1195 1728 1259 1770 non
1276 1711 1358 1772 exti-
1375 1724 1399 1768 ιε

272 1799 370 1856 terint
393 1795 504 1872 liberi,
525 1795 715 1857 substitutus
738 1796 830 1856 heres
846 1795 913 1872 fiat,
942 1805 996 1856 aut
1011 1797 1139 1875 proprio
1155 1796 1242 1874 iure,
1260 1804 1313 1876 ut,
1332 1797 1358 1857 si

273 1891 343 1962 post
364 1893 496 1942 mortem
517 1885 659 1961 parentis
674 1880 812 1942 heredes
833 1879 906 1941 laeti
929 1883 1013 1942 intra
1027 1880 1225 1960 pubertatem
1247 1879 1358 1944 deces-

235 1970 254 2028 8
273 1968 390 2045 serint,
418 1967 608 2029 substitutus
630 1969 724 2028 heres
740 1967 803 2027 fiat.
835 1967 937 2027 Etiam
958 1967 1162 2028 exheredatis
1185 1966 1258 2028 filiis
1281 1967 1358 2029 sub-

236 2054 405 2115 tlstituere
426 2052 613 2140 parentibus
635 2053 719 2114 licet.
760 2054 826 2113 Non
849 2053 942 2114 aliter
965 2052 1124 2133 impuberi
1151 2051 1214 2114 filio
1237 2053 1358 2115 substi-

274 2148 364 2200 tuere
388 2141 459 2218 quis
476 2139 625 2201 heredem
641 2149 759 2220 potest,
780 2157 875 2217 quam
891 2140 917 2200 si
933 2138 995 2200 sibi
1012 2140 1083 2218 quis
1098 2138 1249 2200 heredem
1265 2141 1358 2202 insti·
1374 2151 1399 2196 ro

273 2227 371 2287 tuerit
386 2226 439 2287 uel
455 2226 559 2305 ipsum
575 2226 675 2287 filium
690 2225 743 2286 uel
759 2224 934 2305 quemlibet
949 2225 1056 2286 aliurn.

216 2313 254 2372 to
359 2312 473 2373 Milites
493 2311 785 2391 quomodocumque
808 2310 941 2372 iecerint
956 2321 1163 2388 testamenta,
1181 2311 1308 2388 ualent,
1326 2310 1358 2371 id

274 2407 322 2459 est
337 2400 432 2458 etiem
448 2399 516 2458 sine
533 2399 672 2478 legitima
688 2397 920 2459 obseruatione.
948 2417 1021 2458 nam
1037 2395 1268 2476 principalibus
1284 2415 1358 2458 oon-

273 2483 490 2546 stitutionibus
512 2485 702 2564 permissum
729 2493 777 2546 est
799 2483 877 2562 illis,
907 2483 1199 2562 quomodocumque
1222 2482 1354 2560 uellent,

274 2569 566 2650 quomodocumque
587 2579 733 2650 possent,
757 2571 878 2630 testari.
910 2568 1007 2649 idque
1022 2578 1256 2647 testamentum,
1279 2569 1358 2650 qood
1374 2583 1400 2627 tt

273 2656 362 2717 utiles
378 2669 485 2717 contra
507 2657 584 2718 iuris
607 2657 748 2737 regulam
764 2655 854 2731 lecit,
879 2657 923 2716 ita
938 2655 1066 2717 demum
1088 2656 1189 2732 ualet,
1214 2655 1241 2716 si
1257 2655 1309 2716 uel
1326 2655 1357 2714 in

274 2742 384 2804 castris
400 2752 542 2804 mortuns
558 2745 598 2804 sit
613 2744 666 2804 uel
680 2751 751 2822 post
766 2741 949 2802 missionem
964 2743 1047 2803 intra
1063 2761 1191 2803 annum.

658 2931 736 3012 [xxiv
780 2947 817 2990 nr
839 2929 969 3012 ineius]

238 3053 256 3117 l¹
359 3055 508 3132 Legatum
531 3051 679 3132 estquod
695 3051 774 3129 legis
789 3049 898 3129 modo,
916 3049 951 3111 id
966 3061 1015 3112 est
1030 3051 1234 3129 imperatiue,
1260 3060 1358 3112 testa-

275 3148 380 3199 mento
397 3139 602 3216 relinquitur.
628 3156 702 3198 nam
717 3155 764 3214 ea,
784 3138 1043 3217 quaeprecatiuo
1058 3134 1150 3197 modo
1166 3137 1357 3215 relinquun-
1375 3148 1399 3194 so
1443 3207 1444 3220 χ

274 3233 338 3301 tur,
356 3223 596 3285 fideicommissa
611 3233 776 3285 uocantur.
1443 3221 1444 3298 j

237 3309 255 3368 2
360 3311 513 3388 Legamus
528 3317 632 3370 autem
648 3317 797 3387 quattuor
813 3305 931 3368 modis:
950 3326 1010 3388 per
1024 3307 1283 3386 uindicationem,
1301 3327 1358 3388 per
1443 3303 1444 3314 ²

236 3395 254 3456 3
274 3395 519 3473 damnationem,
537 3394 664 3456 sinendi
682 3393 783 3471 modo,
803 3413 861 3474 per
875 3394 1143 3474 praeceptionem.
1174 3395 1233 3454 Per
1248 3392 1358 3455 uindi-

275 3482 427 3542 cationem
450 3481 499 3540 his
521 3479 630 3542 uerbis
651 3481 810 3559 legamus:
834 3498 874 3542 no
897 3498 988 3557 tneo,
1013 3497 1135 3559 ciniso,
1159 3497 1360 3560 svnrro,s1n1

277 3669 301 3682 ris·
308 3670 325 3680 Λα
329 3669 497 3682 NWWVVWV
503 3671 511 3680 ,ι’
518 3669 639 3682 [mmm-v
644 3668 1354 3682 'tNXAAJVVXAAANWAIWVXNWXNWNNVWVNAMINNV'NVM

344 3793 354 3838 ι
379 3788 550 3854 inirritumc
578 3785 588 3855 ΙΙ
616 3789 734 3840 testord
762 3786 772 3855 ΙΙ
801 3793 904 3853 cquae
920 3787 1050 3847 cnaeus,
1070 3789 1195 3852 nequet)
1222 3787 1231 3851 ΙΙ
1261 3792 1358 3853 ipos-

275 3860 397 3909 sessione
413 3857 432 3909 C
453 3855 463 3926 ΙΙ
487 3863 514 3908 ιι
531 3858 632 3908 bonam
648 3858 667 3908 G
683 3854 693 3925 ΙΙ
710 3857 860 3910 habeturC
880 3855 891 3924 ll
916 3862 945 3908 ιι
959 3870 1014 3921 quo
1031 3857 1119 3916 Titios,
1135 3870 1197 3907 curn
1213 3856 1233 3908 G
1248 3854 1260 3924 ΙΙ
1285 3862 1316 3908 te
1329 3863 1358 3907 ut

275 3929 358 3992 liupo,
374 3929 455 3979 idest
470 3928 489 3978 C
510 3925 521 3995 ll
546 3932 575 3976 rt
589 3928 731 3992 pubertate
746 3927 766 3978 Ο
788 3925 798 3994 ΙΙ
823 3931 853 3976 48
867 3925 1063 3978 exhereditetes
1078 3925 1098 3976 C
1119 3923 1129 3992 ΙΙ
1152 3929 1184 3975 io
1198 3925 1331 3977 hedemc

275 3997 345 4060 quis]
364 3999 441 4062 prius
453 3998 603 4048 Lachmann
637 3993 648 4063 ΙΙ
683 3995 887 4046 instituheretC
920 3993 930 4063 ΙΙ
964 3998 996 4044 ts
1015 3995 1318 4059 commodooumqueC

275 4068 307 4113 tt
326 4068 517 4117 testamentum
536 4064 610 4130 quod
628 4065 707 4116 miles
724 4065 811 4124 Titios,
832 4067 992 4115 testamento
1011 4077 1075 4115 eum
1093 4063 1182 4114 illiso
1208 4059 1219 4129 ΙΙ
1248 4066 1282 4112 it
1300 4065 1357 4114 iure

278 4131 297 4182 C
324 4130 335 4199 ll
365 4133 624 4199 sopreoatiniooat
652 4131 662 4200 ll
688 4137 722 4199 ¹et
738 4133 907 4196 sibilsiuet'
