2922 4898
299 345 362 410 'le
380 347 419 394 to.
434 349 466 394 20
693 375 777 386 ...-
822 341 863 402 22
905 375 992 388 ...-

243 537 277 598 24
302 534 392 595 cuins
415 534 448 594 in
463 531 555 594 bonis
570 540 629 593 est.
662 532 709 608 ls,
727 549 819 611 quem
840 529 922 592 bona
943 530 1005 592 lide
1021 529 1236 611 possidemus,
1264 531 1332 592 siue
1346 532 1383 591 li-

301 619 359 682 ber
380 619 448 682 sino
463 618 585 680 alienus
607 635 720 680 seruus
731 618 788 694 sit,
813 615 904 679 nobis
919 617 1060 697 adquirit
1074 635 1115 678 ex
1135 615 1262 680 duabus
1283 618 1381 679 causis

301 715 440 783 tantum,
465 703 498 766 id
514 712 562 766 est
577 701 661 784 quod
676 722 717 764 ex
731 721 766 764 re
780 711 887 765 nostra
910 712 941 766 et
957 701 1041 783 quod
1063 722 1103 764 ex
1117 704 1223 783 operis
1245 704 1313 764 suis
1327 702 1380 765 ed-

302 792 411 872 quirit.
436 799 526 852 extra
542 791 598 850 has
614 798 718 851 autem
740 807 851 851 causas
864 799 920 850 aut
934 788 994 850 sibi
1007 787 1165 869 adquirit,
1191 791 1218 850 si
1234 788 1318 851 liber
1330 790 1377 866 sit,

302 887 356 940 ant
370 877 507 952 domino,
526 877 553 938 si
569 875 692 938 alienus
708 894 821 938 seruus
836 876 887 937 sit.
914 874 1024 938 eadem
1040 885 1113 937 sunt
1128 876 1208 936 etin
1223 895 1260 936 eo
1276 893 1376 953 seruo,
1393 891 1403 937 s

302 966 334 1025 in
350 982 412 1044 quo
428 971 551 1025 tantum
565 961 797 1024 usumfructum
814 960 979 1024 habemus.

667 1151 712 1231 [xx
755 1167 792 1210 ne
815 1148 1021 1231 reseramus]

267 1275 277 1332 t
335 1315 340 1325 .
388 1273 622 1333 Testamentum
649 1280 697 1332 est
726 1270 841 1332 mentis
870 1280 996 1332 nostrae
1018 1271 1100 1332 insta
1122 1269 1324 1351 contestatio,
1350 1271 1379 1330 in

264 1357 335 1421 aid
358 1356 550 1419 sollemniter
572 1355 700 1435 lactum,
726 1366 762 1418 ut
776 1366 847 1436 post
862 1367 995 1418 mortem
1017 1366 1155 1418 nostram
1177 1357 1293 1418 ualeat.
1326 1357 1380 1418 Te-

302 1453 530 1504 stamentorum
552 1460 669 1522 genera
690 1439 820 1513 luerunt
842 1443 921 1521 tria,
946 1461 1064 1520 unum,
1089 1442 1174 1524 quod
1202 1443 1311 1504 calatis
1334 1463 1380 1504 oo·
1395 1460 1419 1504 tt

301 1529 409 1607 mitiis,
435 1527 585 1607 alterum,
612 1526 696 1607 qnod
717 1529 749 1588 in
773 1527 944 1608 procinctu,
972 1529 1118 1607 tertium,
1145 1528 1229 1608 qnod
1251 1548 1310 1608 per
1332 1547 1380 1590 aes

301 1625 329 1676 et
344 1615 457 1676 libram
472 1614 666 1696 appellatum
682 1623 740 1675 est.
772 1613 822 1675 his
837 1612 961 1676 duobus
976 1615 1172 1676 testamentis
1188 1607 1314 1676 abolitis
1328 1614 1382 1676 ho-

301 1700 352 1762 die
374 1701 476 1763 solum
491 1702 525 1762 in
547 1719 609 1762 usu
623 1710 680 1779 est,
707 1699 791 1780 quod
807 1718 865 1780 per
880 1719 935 1761 aes
958 1709 989 1762 et
1010 1699 1121 1762 libram
1144 1700 1189 1780 fit,
1215 1699 1249 1761 id
1265 1708 1314 1763 est
1327 1720 1382 1782 per

301 1788 565 1869 mancipationem
593 1787 821 1867 imaginariam.
867 1787 900 1847 in
928 1805 990 1868 quo
1012 1795 1198 1848 testamento
1227 1786 1381 1867 libripens

301 1873 473 1935 adhibetur
500 1882 532 1935 et
554 1873 689 1934 familiae
712 1874 835 1951 emptor
858 1881 889 1932 et
912 1891 974 1933 non
997 1874 1101 1934 minus
1124 1891 1219 1953 quam
1243 1875 1420 1954 quinquen
1445 1909 1446 1918 ÷

264 1965 281 2021 3
301 1970 409 2036 testes,
436 1978 508 2021 cnm
531 1958 648 2038 quibus
674 1959 855 2020 testamenti
878 1958 970 2021 factio
994 1968 1054 2021 est.
1093 1960 1152 2031 Qui
1175 1960 1209 2019 in
1231 1969 1382 2039 potestate

300 2045 459 2106 testatoris
482 2053 599 2106 estant
618 2041 754 2106 familiae
778 2047 938 2124 emptoris,
963 2047 1053 2106 testis
1075 2053 1127 2107 aut
1147 2045 1307 2125 libripens
1329 2044 1383 2106 ad-

301 2129 407 2191 hiberi
429 2149 491 2192 non
505 2138 623 2210 potest,
651 2133 799 2211 quoniam
822 2129 957 2192 familiae
981 2133 1167 2212 mancipatio
1184 2131 1269 2193 inter
1288 2143 1384 2194 testa-

302 2225 403 2278 torem
426 2225 457 2279 et
473 2216 609 2278 familiae
633 2226 802 2297 emptorem
818 2216 852 2278 tit
875 2226 906 2278 et
920 2215 960 2278 ob
984 2216 1017 2278 id
1039 2216 1201 2279 domestici
1216 2226 1314 2280 testes
1329 2219 1383 2280 ad-

265 2309 280 2366 t
302 2301 433 2363 bibendi
457 2321 519 2363 non
543 2312 626 2364 sunt.
673 2303 749 2364 Filio
772 2301 920 2365 familiam
944 2313 1067 2364 emente
1090 2313 1180 2384 pater
1204 2305 1274 2365 eius
1296 2307 1382 2368 testis
1397 2319 1420 2364 at

265 2392 282 2451 5
302 2407 370 2450 esse
386 2408 448 2449 non
472 2397 584 2468 potest.
618 2389 665 2450 Ex
680 2388 804 2450 duobus
820 2388 983 2467 iratribus,
1010 2389 1065 2471 qui
1080 2391 1113 2451 in
1128 2388 1270 2452 eiusdem
1285 2391 1382 2470 patris

174 2475 176 2480 ’
301 2483 455 2555 potestate
478 2483 567 2552 sunt,
593 2475 673 2536 alter
695 2474 830 2536 familiae
854 2484 991 2555 emptor,
1018 2477 1099 2538 alter
1119 2475 1210 2537 testis
1233 2495 1382 2540 essenon

302 2570 414 2640 potest,
441 2561 590 2640 quoniam
606 2560 691 2640 quod
712 2581 796 2623 unus
811 2580 852 2622 cx
866 2561 916 2622 his
939 2561 1093 2642 mancipio
1116 2563 1230 2642 accipit
1245 2561 1383 2643 adquirit

264 2648 395 2727 dpatri,
421 2647 472 2708 oui
487 2645 570 2708 filius
586 2666 664 2709 suus
684 2649 772 2709 testis
794 2666 864 2708 esse
886 2666 950 2709 non
973 2646 1081 2710 debet.
1121 2647 1211 2709 Pater
1234 2659 1266 2710 et
1286 2649 1379 2728 lilius,

302 2733 357 2814 qui
381 2733 411 2792 in
428 2741 582 2813 potestate
605 2735 674 2795 eius
697 2743 754 2812 est,
779 2735 855 2794 item
878 2732 942 2794 dno
965 2731 1089 2813 iratres,
1115 2735 1170 2813 qui
1188 2735 1220 2796 in
1239 2735 1383 2803 eiusdem
1398 2747 1422 2792 as

280 2819 400 2900 'patris
429 2829 581 2899 potestate
604 2829 693 2897 sant,
721 2828 819 2880 testes
845 2820 1068 2904 utrique‚‚uel
1091 2821 1172 2881 alter
1192 2823 1283 2883 testis
1306 2823 1382 2884 alter

300 2903 455 2987 libripens
470 2903 538 2966 lieri
561 2915 693 2986 possunt
715 2905 774 2966 alio
797 2903 945 2967 familiam
967 2915 1106 2985 emente,
1133 2909 1282 2985 quoniam
1306 2909 1383 2970 nihil

301 3001 391 3053 nocet
414 3011 455 3052 ex
476 3009 539 3052 nna
569 2989 659 3053 domo
682 2991 789 3072 plures
815 2999 911 3052 testes
939 2992 1041 3054 alieno
1070 2994 1195 3074 negotio
1224 2993 1380 3057 adhiberi.
1444 3021 1445 3044 2

264 3077 403 3139 iltutus
425 3076 542 3139 surdus
564 3076 701 3139 furiosus
728 3077 870 3157 pupillus
892 3075 1007 3139 femina
1030 3097 1133 3160 neque
1156 3079 1294 3143 familiae
1318 3101 1383 3142 ern-
1443 3053 1445 3148 l

263 3165 281 3223 8
300 3170 371 3242 ptor
387 3181 455 3224 esse
479 3181 582 3242 neque
599 3164 688 3224 testis
703 3162 901 3242 libripensue
918 3162 986 3226 lieri
1002 3174 1117 3244 potest.
1154 3165 1283 3228 Latinus
1298 3168 1383 3230 luni·
1398 3175 1422 3222 st
1443 3151 1445 3256 1

305 3350 618 3362 υυνυωωυυηυκ«νννηκηιωι
632 3351 641 3358 ι·
653 3351 666 3359 w
685 3352 688 3358 κ
713 3349 1054 3364 ΑμηνωκκΛκ-ικι.κιιιμμμὼχΜ-Ι-,ι
1073 3353 1110 3365 ΛΑ,
1123 3355 1188 3366 Ηφω
1217 3356 1243 3366 sm
1303 3357 1323 3368 ,1,
1336 3357 1347 3368 υ
1358 3359 1361 3366 s
1371 3355 1378 3366 s
1442 3319 1444 3390 1

370 3471 412 3527 2⁰,
428 3471 442 3516 6
456 3487 487 3512 ιι
501 3470 559 3533 big.
576 3473 618 3532 Ἠ,
635 3473 659 3532 5,
675 3473 704 3519 li
731 3471 795 3521 lnst.
811 3473 837 3531 2,
853 3475 923 3530 40,8

298 3639 871 3656 νννωὶΛΜΛΛᾹΝᾺΝΜΛΛΛΝνκΑΛΑΜΑΛΛΛΝ-ικ
884 3643 1023 3657 msam-mmmm
1055 3645 1060 3652 π
1090 3649 1093 3656 t
1105 3647 1111 3657 x
1130 3647 1203 3657 numm
1214 3647 1243 3658 m,
1264 3649 1267 3656 ι
1280 3650 1302 3660 m
1311 3649 1341 3658 mr

368 3748 378 3793 t
401 3744 518 3808 quamv
545 3743 555 3810 11
583 3744 782 3808 toperihusc
809 3741 820 3811 11
848 3746 944 3810 tsihi]
959 3746 1017 3798 sic
1042 3745 1052 3813 11
1081 3750 1276 3800 toontestatio
1293 3751 1378 3811 rurus,

298 3813 471 3864 contentioc
493 3810 503 3880 11
528 3817 557 3861 te
577 3812 613 3876 et]
634 3813 688 3863 itC
708 3810 720 3879 11
744 3817 773 3862 tt
793 3814 828 3878 et]
843 3815 899 3866 itc
920 3813 931 3884 11
955 3817 985 3865 tt
1005 3816 1091 3867 librae
1104 3831 1187 3883 pensa
1200 3818 1350 3872 debeturC
1371 3815 1380 3882 11

299 3886 330 3931 tr
349 3881 405 3946 ant]
425 3882 495 3933 adt*
521 3879 532 3949 11
559 3881 688 3932 adbibere
703 3882 737 3934 0¹
770 3879 781 3949 11
815 3887 846 3932 to
865 3885 1002 3950 emptioG
1035 3884 1044 3951 11
1079 3887 1111 3936 10
1130 3885 1261 3937 familiam
1274 3889 1379 3938 emente
1436 3913 1439 3920 ·

298 3951 441 4016 Setotttop,
455 3949 570 4003 familiae
582 3953 673 4001 mente
689 3950 717 4010 G,
737 3950 854 4003 familiae
866 3951 996 4004 familiam
1008 3958 1116 4005 emente
1128 3955 1202 4020 Hapo
1236 3954 1246 4023 ΙΙ
1282 3961 1309 4006 2⁴
1332 3969 1379 4006 eo·

297 4019 395 4071 demc
427 4017 439 4088 ΙΙ
473 4025 504 4070 23
523 4021 690 4084 mancipium
703 4020 844 4085 aceepitC
873 4020 884 4087 11
914 4026 945 4073 st
966 4022 1161 4088 otdllnslb'p„
1176 4025 1246 4085 etc,
1262 4036 1377 4077 necnon

297 4089 320 4138 is
333 4089 395 4141 lest.
432 4084 444 4154 11
478 4091 509 4139 25
529 4091 593 4140 item
606 4089 665 4152 Βία.
680 4090 754 4152 leet,
776 4091 949 4142 institutusc
975 4089 985 4158 ΙΙ
1013 4093 1134 4143 eiusdem
1149 4094 1209 4158 Dtp.
1226 4094 1300 4156 leet,
1320 4095 1378 4146 sins

299 4155 319 4206 C
345 4153 356 4221 ΙΙ
386 4161 415 4205 tt
436 4156 554 4208 familiae
567 4157 693 4209 mentae
719 4155 730 4224 11
758 4160 888 4222 qnoniam
903 4159 1005 4225 cetu,
1020 4161 1160 4226 quialest.
