2926 4888
143 333 146 342 '
252 335 421 394 Paul.V,ta
632 365 717 380 --·
762 335 823 394 114
866 365 953 378 --

196 525 233 585 ,2
251 525 318 604 peti
331 529 445 604 potest.
489 519 632 583 Confessi
648 519 809 584 debitores
824 541 882 602 pro
896 519 1043 583 iudicatis
1058 519 1226 600 habentur,
1247 519 1342 582 ideo-

251 628 315 689 que
331 627 373 670 ox
387 607 440 670 die
454 607 661 670 ooniessionis
681 617 824 688 tempora
837 608 988 670 solutioni
1001 609 1188 688 praestituta
1203 626 1342 687 eompu-

213 695 232 756 3
251 704 370 758 tantur.
417 693 567 756 Gonfiteri
589 694 662 773 quis
684 695 718 756 in
733 693 850 756 iudicio
871 712 936 755 non
950 703 1073 755 tantum
1087 712 1145 754 sua
1159 711 1256 772 uooe,
1276 692 1340 754 sed

252 791 285 842 ot
300 781 414 842 litteris
436 789 469 841 et
489 797 691 860 quocumque
713 778 806 841 modo
828 788 947 860 potest:
972 780 1119 842 conuinei
1140 788 1248 840 autem
1271 798 1340 840 non

214 868 232 928 i
252 867 316 928 nisi
330 867 489 947 scriptura
502 875 559 927 aut
571 861 708 928 te‘stibus
722 875 837 947 potest.
861 867 988 944 Eorum,
1007 867 1063 946 qui
1079 863 1120 926 de
1135 863 1244 926 debito
1260 884 1341 926 oon-
1360 879 1374 924 5

214 951 328 1014 stessi
343 960 429 1030 sunt,
447 953 580 1033 pignora
594 953 664 1032 oapi
679 962 712 1014 et
726 951 861 1014 distrahi
876 961 1018 1032 possunt.
1064 952 1119 1028 Ea,
1139 969 1222 1030 quae
1237 951 1340 1012 altera
1447 1029 1448 1032 Ἴ

165 1039 185 1098 5
199 1036 235 1119 (6]
251 1047 342 1119 parte
360 1037 491 1100 absente
513 1036 747 1117 decernuntur,
765 1039 831 1100 rum
847 1057 955 1100 rerum
970 1036 1181 1099 iudicatarum
1199 1056 1263 1098 non
1279 1035 1341 1098 ob·
1447 1057 1448 1068 ¹

149 1123 235 1206 5⁸(62)
250 1126 365 1186 tinent.
411 1123 473 1186 ‘De
488 1141 679 1204 unoquoque
699 1125 824 1204 negotio
843 1122 1066 1204 praesentibus
1080 1121 1240 1202 omnibus,
1258 1141 1340 1202 quos
1377 1201 1380 1204 Ι

249 1207 1339 1290 *oausaoontingit‚iudicarioportet:aliterenimiudioatumtantum

198 1290 233 1356 bb
251 1296 353 1358 *inter
368 1305 551 1376 praesentes
566 1305 664 1357 tenet.
711 1297 772 1368 Qui
786 1295 873 1376 apud
888 1295 998 1357 fiscum
1017 1314 1143 1358 eausam
1158 1293 1338 1358 defendere
1358 1308 1387 1352 4ο

154 1414 157 1422 ·
250 1379 1336 1463 *[saepiusoonnenti]neglexerint‚rebusiudioatissubieiendisunt·

249 1466 355 1548 *quod
371 1487 408 1529 eo
422 1475 566 1548 apparet,
583 1469 611 1529 si
626 1486 722 1549 saepe
737 1470 885 1530 oonuenti
900 1469 1112 1546 praesentiam
1126 1485 1217 1529 suam
1232 1465 1338 1528 iacere

165 1555 185 1612 6
199 1552 235 1636 (7)
249 1550 461 1616 *noluerint*
504 1554 609 1614 Trinis
629 1554 745 1616 litteris
765 1555 818 1616 uel
833 1554 946 1616 ediotis
960 1563 1016 1616 aut
1029 1573 1093 1624 uno
1113 1573 1171 1634 pro
1187 1551 1339 1614 omnibus

251 1638 323 1701 dato
346 1649 402 1702 aut
421 1641 506 1701 trina
527 1638 767 1702 denuntiatione
788 1651 964 1702 eonuentus
987 1641 1047 1702 nisi
1063 1638 1103 1701 ad
1120 1638 1276 1714 iudicem,
1295 1639 1338 1700 ad

251 1745 347 1805 quem
369 1724 432 1786 sibi
453 1724 676 1788 denuntiatum
691 1736 740 1787 est
760 1736 815 1787 aut
830 1728 921 1788 ouius
936 1727 1051 1788 litteris
1071 1726 1125 1786 uel
1139 1725 1244 1786 edicto
1259 1743 1338 1786 oon-
1357 1738 1387 1783 45

250 1821 366 1874 uentus
382 1820 441 1890 est,
456 1802 595 1889 uenerit,
615 1814 705 1892 quasi
717 1813 750 1873 in
762 1821 976 1874 contumacem
993 1811 1075 1874 diota
1090 1811 1248 1874 sententia
1259 1828 1338 1872 auo-

249 1899 407 1960 toritatem
422 1917 530 1959 rerum
550 1898 761 1960 iudicatarum
775 1897 913 1960 obtinet:
941 1899 1019 1978 quin
1035 1899 1130 1959 immo
1150 1915 1208 1958 neo
1224 1897 1338 1977 appel-

200 1984 234 2042 6²
250 1983 309 2044 lari
322 1982 364 2044 ab
380 2003 420 2045 ea
434 1993 546 2063 potest.
571 1983 621 2045 Ab
633 2003 670 2046 ea
684 1985 853 2061 sententia,
871 2002 954 2064 quae
967 1983 1123 2046 aduersus
1137 1992 1338 2057 contumaees

251 2069 312 2130 lata
334 2078 398 2146 est,
423 2087 529 2148 neque
550 2071 705 2150 appellari
727 2089 834 2150 neque
855 2072 889 2131 in
903 2069 1037 2150 duplum
1053 2071 1196 2130 reuooari
1217 2077 1335 2148 potest.

166 2153 235 2236 7(5)
249 2154 504 2216 *Confessionem
526 2175 614 2217 suam
638 2175 713 2217 reus
734 2156 768 2216 in
789 2155 923 2236 duplum
944 2174 1093 2218 reuocare
1114 2174 1177 2216 non
1199 2150 1338 2235 potest*
1356 2165 1386 2212 ao

213 2241 232 2299 8
251 2241 312 2301 Res
326 2240 401 2300 olim
423 2239 560 2303 iudicata
582 2251 652 2322 post
668 2243 796 2322 longum
810 2242 973 2304 silentium
995 2243 1027 2302 in
1044 2240 1197 2303 iudicium
1219 2239 1337 2302 deduoi

251 2345 314 2387 non
330 2335 432 2406 potest
446 2345 506 2388 neo
527 2347 563 2387 eo
579 2329 707 2390 nomine
722 2329 756 2390 in
777 2327 912 2409 duplum
934 2329 1087 2391 reuocari.
1133 2327 1263 2406 longum
1277 2345 1336 2387 au-

251 2422 314 2473 tem
324 2413 600 2493 tempusexemplo
609 2412 1337 2494 longaepraescriptionisdecenniiinterprae-

214 2499 232 2557 9
251 2506 374 2576 sentes,
401 2499 484 2559 inter
505 2498 653 2560 absentes
667 2501 810 2562 uicennii
825 2508 1033 2580 computatur.
1081 2499 1114 2560 In
1137 2517 1232 2560 eausa
1248 2499 1336 2578 oapi-

250 2584 306 2646 tali
320 2583 436 2646 absens
450 2604 542 2646 nemo
557 2585 725 2648 damnatur
739 2604 845 2666 neque
859 2585 974 2648 absens
988 2605 1046 2666 per
1066 2585 1163 2646 alium
1185 2603 1335 2645 accusare
1356 2598 1387 2643 as

193 2671 231 2730 40
250 2681 306 2733 aut
321 2671 461 2732 aoousari
475 2680 589 2752 potest.
626 2673 723 2734 Falsis
738 2673 959 2734 instrumentis
975 2672 1125 2751 religione
1141 2669 1257 2732 iudicis
1273 2672 1337 2732 oir-

251 2756 436 2835 oumduota‚
463 2758 490 2818 si
514 2759 576 2820 iam
598 2757 682 2820 diota
705 2759 863 2820 sententia
884 2758 973 2839 prius
988 2757 1029 2819 de
1051 2757 1182 2818 erimine
1198 2755 1335 2818 admisso

193 2843 226 2901 tt
251 2843 443 2921 eonstiterit,
467 2845 535 2905 eius
557 2864 670 2906 causae
692 2845 877 2906 instauratio
899 2845 968 2905 iure
989 2842 1180 2924 deposcitur.
1228 2839 1335 2904 *Ratio

222 2997 230 3010 ἱ
250 2927 379 2990 *calculi
400 2931 528 3011 saepius
551 2950 584 2992 se
601 2931 722 3011 patitur
742 2931 909 3010 supputari
932 2939 1026 3010 atque
1042 2927 1113 2990 ideo
1134 2937 1239 3008 potest
1255 2947 1336 3009 quo·
1447 3005 1448 3008 Ἴ

250 3011 404 3095 *eumque
416 3025 558 3097 tempore
571 3017 745 3094 retraetari,
763 3017 863 3078 sinon
876 3017 969 3096 longo
980 3025 1122 3095 tempore
1134 3011 1336 3076 euanesoat.*
1355 3028 1386 3072 ao

252 3216 302 3230 ΛΛΛ

320 3335 720 3402 ri,5⁸.5b=n·9.ta,r‚tr
751 3340 762 3404 u
798 3339 1296 3402 ai,o.o⁸.7=appenoteo,a-ro
1325 3335 1335 3404 ΙΙ
1447 3341 1448 3364 a

252 3411 294 3465 54,
311 3411 337 3455 tt
355 3408 573 3469 =Appenatet,
591 3413 620 3456 to

256 3580 274 3590 isi
278 3580 290 3589 ri
295 3577 528 3590 ΛΛΝᾺΝΚΛΛΙΚΛΛΛΛΛ

320 3721 334 3764 2
349 3715 478 3765 solutioni
493 3715 622 3776 coiectas,
637 3716 781 3768 solutionis
793 3719 890 3767 codices
914 3717 925 3781 ΙΙ
950 3721 964 3766 5
978 3717 1012 3767 de
1026 3718 1063 3779 Μ,
1077 3729 1127 3766 om.
1142 3717 1163 3766 L
1186 3716 1198 3780 ΙΙ
1230 3719 1256 3764 tt
1275 3729 1337 3767 sae·
1447 3753 1448 3756 ,

249 3785 513 3849 piusoonuentidel.
530 3785 672 3835 Mommsen
712 3785 723 3849 ΙΙ
766 3789 795 3834 ta
815 3786 1062 3848 edictisappeecttoe
1098 3785 1110 3849 11
1152 3789 1182 3834 48
1203 3788 1337 3850 eopotest

252 3853 403 3912 sichardus,
418 3857 550 3919 eopotest
563 3855 660 3904 codices
673 3855 781 3917 (Wisip.
796 3855 978 3917 etdppeodioe)
1017 3854 1028 3918 ΙΙ
1071 3857 1101 3905 49
1120 3854 1172 3904 lata
1186 3853 1334 3916 appendio,

249 3922 312 3988 data
323 3923 372 3972 ut
401 3920 412 3985 ΙΙ
443 3923 473 3970 ii
493 3924 564 3972 inter
576 3923 613 3984 M,
627 3927 654 3980 et
668 3924 770 3973 interi,
799 3921 810 3985 ΙΙ
840 3927 1015 3988 computatur
1027 3924 1056 3984 L,
1074 3935 1122 3972 om.
1139 3924 1169 3972 Μ
1195 3921 1207 3984 ΙΙ
1237 3926 1270 3971 25
1288 3937 1338 3974 ao-

250 3992 464 4052 casamentis,
484 3993 569 4042 om.L
608 3992 620 4056 ΙΙ
665 3995 697 4041 26
716 3993 845 4054 religione
864 3995 936 4054 dett,
957 3992 1053 4056 religio
1073 3993 1121 4042 ML
1169 3992 1180 4054 ΙΙ
1228 3995 1260 4040 27
1281 3993 1336 4042 iam

249 4059 322 4109 dicta
336 4060 364 4118 L,
379 4059 480 4110 indicta
494 4061 523 4110 Μ
