2926 4888
478 384 561 398 -..
611 351 670 414 109
714 385 799 398 --·-
972 349 1046 400 Paul.
1060 350 1093 412 V,
1108 354 1181 402 tus

90 539 177 600 *uim
193 557 271 602 uero
283 548 441 604 extortum
458 557 529 602 oum
540 557 640 620 poena
657 540 743 619 tripli
759 539 953 604 restituitur:
971 540 1106 619 amplius
1121 557 1180 600 ex-

91 626 159 687 *tra
182 623 328 688 ordinem
349 625 549 706 plectuntur:
575 625 710 686 alterum
726 625 810 686 enim
830 625 951 687 utilitas
966 627 1175 704 priuatorum,

55 712 72 772 7
91 709 249 774 *alterurn
264 712 356 792 uigor
377 710 523 791 publicae
535 710 725 791 disciplinae
741 711 888 791 postulat.
936 711 1051 772 Earum
1068 729 1177 774 rerum

90 797 264 877 *uectigab
291 815 426 877 quarum
448 815 622 876 numquam
647 799 833 877 praestitum
854 805 917 874 est,
943 797 1098 876 praestari
1112 815 1176 859 non

90 883 224 964 *potest
272 882 357 964 quod
378 884 404 945 si
419 884 574 964 praestari
590 892 775 946 consuetum
796 882 994 962 indiligentia
1015 881 1213 962 publicanis

53 975 71 1029 8
89 967 269 1049 *omiserat,
287 970 369 1032 alius
384 988 532 1032 exercere
548 988 610 1031 non
626 968 825 1050 prohibetur.
871 970 933 1031 lies
948 969 1103 1030 exercitui
1117 988 1176 1049 pa-

53 1060 70 1116 9
88 1055 194 1118 *ratas
208 1057 414 1136 praestationi
429 1055 632 1135 uectigalium
647 1054 748 1120 subici
764 1073 827 1117 non
843 1054 972 1134 placuit.
1011 1054 1119 1116 Fiscus
1134 1053 1174 1116 ab

88 1142 251 1204 *omniurn
273 1142 475 1222 uectigalium
488 1139 756 1222 praestationibus
778 1141 927 1202 immunis
946 1149 1004 1201 est.
1052 1158 1174 1202 merca-

88 1227 193 1289 *tores
216 1237 340 1306 autem,
365 1229 420 1307 qui
442 1226 610 1290 defundis
632 1226 790 1289 fiscalibus
811 1226 945 1288 mereari
967 1236 1169 1303 consuerunt,

87 1313 230 1376 *nullam
251 1315 484 1376 immunitatem
513 1313 658 1375 soluendi
679 1312 798 1393 publici
827 1312 991 1391 uectigalis
1016 1331 1172 1392 usurpare
1193 1326 1227 1369 to

33 1402 69 1464 ii)
87 1399 252 1480 *possunt
297 1400 402 1461 Cotem
418 1398 501 1461 ferro
517 1398 693 1479 subigendo
708 1401 917 1461 neeessariam
934 1397 1077 1460 hostibus
1092 1417 1173 1478 qno-

86 1484 170 1566 *que
185 1485 395 1564 uenumdari,
412 1493 448 1547 ut
463 1484 582 1548 ferrum
598 1495 630 1547 et
645 1484 839 1546 frumentum
854 1493 887 1546 et
901 1484 998 1563 sales,
1023 1502 1086 1544 non
1102 1485 1172 1546 sine

12 1576 23 1644 f
36 1574 64 1632 ll
86 1570 250 1652 *periculo
273 1572 384 1652 capitis
404 1571 488 1634 licet.
535 1570 609 1650 Agri
631 1570 766 1652 publici,
791 1571 896 1652 quiin
919 1579 1109 1651 perpetuum
1125 1571 1172 1631 lo-

87 1655 238 1735 *cantur,
262 1676 280 1718 a
301 1666 445 1719 curatore
466 1657 535 1719 sine
556 1659 740 1735 anctoritate
760 1656 928 1738 principali
945 1657 1087 1717 reuocari
1108 1675 1170 1717 non

32 1745 68 1807 tt
86 1742 252 1823 *possunt
297 1743 449 1805 Dominus
471 1744 563 1805 nauis
578 1744 605 1804 si
621 1744 728 1804 illicite
744 1741 865 1822 aliquid
889 1744 920 1803 in
936 1759 1018 1803 naue
1033 1741 1086 1803 uel
1102 1743 1171 1823 ipse
1190 1755 1225 1800 ta

86 1828 160 1890 *nol
182 1839 328 1891 uectores
356 1829 582 1910 imposuerint,
614 1830 707 1891 nauis
728 1847 855 1909 quoque
880 1828 953 1888 fisco
975 1826 1168 1890 uindicatur.

85 1914 192 1996 *qnod
214 1916 241 1976 si
263 1914 394 1976 absente
410 1913 537 1976 domino
556 1914 611 1997 [id]
630 1935 647 1976 a
663 1917 810 1995 magistro
824 1915 877 1975 uel
893 1913 1101 1994 gubernatore
1117 1923 1171 1975 aut

85 1998 231 2082 *proreta
244 2010 380 2064 nautane
389 2001 494 2082 aliquo
506 2001 539 2062 id
550 1999 665 2063 iactum
679 2003 730 2078 sit,
745 2002 806 2080 ipsi
819 1999 948 2081 quidem
960 2001 1061 2080 capite
1074 2001 1172 2079 puni-

85 2087 204 2149 *untur
225 2088 398 2149 commissis
412 2087 582 2167 mercibus,
606 2088 697 2148 nauis
712 2097 818 2148 autem
839 2085 964 2148 domino
980 2087 1166 2148 restituitur.

12 2175 66 2246 il3
84 2173 290 2235 *illicitarum
319 2175 472 2237 mercium
502 2173 679 2254 persecutio
708 2172 859 2234 herodem
883 2191 1009 2252 quoque
1035 2171 1165 2252 adfligit.
1188 2185 1225 2230 so

33 2262 66 2321 li
84 2259 182 2320 *Eam
199 2278 278 2338 rem,
297 2262 380 2339 quae
394 2261 557 2321 commisso
571 2258 732 2321 uindicata
747 2269 805 2334 est,
824 2258 971 2320 dominus
987 2276 1092 2320 emera
1107 2277 1170 2319 nou

85 2345 295 2425 *prohibetur
309 2346 361 2407 uel
375 2365 433 2425 per
453 2365 487 2406 se
503 2345 554 2407 uel
576 2365 634 2426 per
654 2344 731 2408 alios
747 2343 864 2425 quibus
885 2345 943 2405 hoo
958 2343 1168 2406 mandauerit.

33 2434 67 2492 ts
85 2431 166 2504 *Qrsr
193 2432 345 2492 maximos
370 2430 491 2493 fructus
517 2451 557 2492 ox
582 2431 800 2512 redemptione
829 2431 1033 2510 uectigalium
1059 2449 1171 2491 conso-

84 2517 265 2599 *quuntur,
289 2519 315 2579 si
337 2528 446 2597 postea
466 2527 553 2580 tanto
567 2518 662 2578 locari
677 2537 740 2584 non
756 2527 905 2598 possunt,
925 2517 986 2597 ipsi
1002 2535 1038 2578 oa
1053 2517 1168 2598 priori-

83 2602 166 2666 *bus
181 2602 390 2685 pensionibus
404 2605 565 2685 suscipere
581 2601 846 2684 compelluntur*
1189 2615 1224 2660 ιιι

466 2789 498 2873 [ιι
542 2811 580 2852 os
602 2790 792 2872 vsrcrrrorrn]

51 2915 61 2973 i
174 2912 403 2974 Possessionem
428 2910 628 2992 adquirimus
649 2920 680 2972 et
706 2912 810 2972 animo
832 2919 864 2971 et
885 2929 1032 2990 corpore:
1064 2911 1168 2971 animo

82 3000 198 3079 utique
213 3008 331 3075 nostro,
349 3016 478 3077 corpore
493 2999 547 3060 uel
562 3008 669 3059 nostro
683 2998 737 3058 uel
752 2997 866 3058 alieno.
892 2995 948 3057 sed
963 2995 1049 3058 nudo
1064 2997 1168 3058 animo

83 3084 221 3165 adipisci
237 3083 366 3164 quidem
381 3085 612 3164 possessionem
628 3101 691 3144 non
705 3100 888 3162 possumus,
907 3083 1046 3144 retinere
1062 3092 1167 3144 tomen

83 3170 172 3233 nudo
187 3171 291 3231 animo
306 3188 490 3250 possumus,
516 3170 597 3231 sicut
612 3171 645 3230 in
660 3167 794 3230 saltibus
813 3167 957 3229 hibernis
972 3169 1167 3248 aestiuisque
1187 3181 1223 3226 ao
1250 3163 1270 3188 ‘

48 3261 65 3319 i
83 3257 250 3338 contingit.
282 3257 342 3316 Per
355 3254 471 3316 liberas
485 3273 647 3336 personas,
667 3273 749 3335 quae
765 3255 797 3315 in
813 3263 966 3334 potestate
982 3264 1088 3316 nostra
1103 3273 1167 3316 uon

83 3352 175 3420 sunt,
200 3341 327 3421 adquiri
349 3340 441 3403 nobis
455 3343 535 3403 nihil
550 3350 663 3422 potest.
710 3339 768 3402 sed
783 3360 841 3422 per
855 3351 1088 3421 procuratorem
1104 3340 1167 3404 ad-

83 3431 172 3509 quiri
187 3427 279 3489 nobis
300 3428 529 3508 possessionem
545 3447 637 3508 posse
650 3427 794 3506 utilitatis
816 3445 908 3489 causa
926 3437 1089 3507 receptum
1106 3436 1165 3488 est.

156 3739 197 3798 ιι,
212 3739 278 3786 6-9
291 3757 322 3782 =
336 3736 396 3800 nto.
411 3737 453 3796 ot,
469 3737 493 3798 t,
509 3739 522 3786 o
565 3736 576 3798 ιι
619 3741 660 3798 ιι,
677 3740 775 3786 ro-ts
790 3756 821 3780 =
835 3736 895 3800 nia.
912 3737 954 3797 ao,
970 3738 993 3798 t,
1010 3740 1036 3784 ιι

81 3889 698 3910 ,ΛΛΝυνᾺΛΛΛΛΛΝκΛΛΛΛΛΛΛΛΝνν-ννκΛΑΛΛΛΛΛΛΛΛᾺ
702 3889 995 3902 ΛΛΛΛΛΛΛΛΛΛΛΛΛΙωΛινν
1002 3891 1022 3900 m
1027 3891 1030 3898 ι
1035 3892 1038 3899 s
1043 3889 1163 3903 ιΛΛΛΛννν

154 4032 166 4078 t
185 4027 328 4094 praestari]
342 4005 474 4092 postulari
488 4027 630 4076 Mommsen
659 4026 669 4088 Ιι
700 4031 727 4074 tt
744 4033 852 4090 qnoque
866 3995 989 4077 hostibus
999 4027 1140 4078 Morumsec
1158 4026 1167 4093 ll

83 4102 113 4147 tr
133 4098 225 4148 idolol.
242 4097 383 4148 Mommsen
412 4098 422 4160 n
452 4098 484 4144 20
503 4093 811 4158 adfligitF1,adficitF²
839 4096 849 4158 tt
886 4099 916 4144 tt
936 4096 1108 4160 porlprelih
1125 4096 1167 4160 sel

80 4181 131 4233 per
143 4181 194 4218 nos
207 4167 252 4218 uel
266 4181 314 4230 per
327 4164 400 4216 sert
