2922 4898
483 365 570 378 ....
615 333 653 394 19
698 365 784 378 ....
848 355 851 359 -
1017 333 1179 396 uptam

39 525 71 583 4·
88 542 183 601 num,
209 531 378 602 postquam
393 520 502 584 abesse
518 520 658 584 desierit.
692 520 804 582 Libera
827 520 978 583 intereos
999 523 1179 585 testamenti

88 608 181 670 iaetio
205 618 271 685 est,
296 608 322 668 si
347 609 397 668 ius
415 606 588 669 liberorum
604 625 621 668 a
636 607 783 686 principe
799 607 1058 686 impetrauerint,
1076 617 1131 670 aut
1153 608 1179 670 si

89 694 191 756 filium
207 693 346 756 filiamue
360 710 559 754 communem
575 692 724 770 habeant,
743 702 796 754 aut
811 693 1064 772 quattuordecim
1080 712 1181 756 anno·

88 799 161 842 rum
182 779 283 842 iilium
299 780 351 842 uel
375 778 470 842 filiam
485 779 647 841 duodeoim
663 779 845 856 amiserint,
863 779 918 840 uel
933 781 959 841 si
975 774 1055 842 duos
1069 781 1180 842 trimos

88 867 141 928 uel
158 875 226 927 tres
240 875 311 945 post
326 868 486 927 nominum
498 865 583 926 diem
599 865 774 942 amiserint,
793 874 828 926 ut
844 865 926 926 intra
937 884 1054 927 annum
1071 875 1176 926 tamen
1198 881 1211 926 a

88 962 120 1014 et
136 971 195 1013 sex
206 970 332 1013 menses
349 953 442 1032 etiarn
454 970 538 1016 unus
553 952 783 1030 euiuseumque
795 953 907 1014 aetatis
922 950 1070 1032 impubes
1081 954 1178 1013 amis-

88 1057 144 1100 sus
167 1037 262 1098 solidi
290 1037 436 1118 capiendi
460 1039 509 1098 ius
536 1046 682 1117 praestet.
715 1039 790 1098 item
812 1037 838 1096 si
860 1044 931 1117 post
953 1047 1085 1098 mortem
1112 1039 1175 1098 uiri

88 1125 173 1186 intra
195 1123 307 1188 decem
323 1142 449 1186 menses
470 1142 552 1184 uxor
567 1143 607 1184 ex
623 1143 658 1184 eo
674 1124 853 1203 pepererit,
878 1121 1013 1185 solidum
1030 1141 1070 1184 ex
1085 1123 1177 1184 bonis

89 1211 159 1272 eius
176 1211 272 1292 capit.

52 1300 69 1360 2
175 1295 354 1375 Aliquando
370 1295 449 1358 nihil
464 1296 548 1360 inter
563 1314 597 1356 se
613 1295 759 1375 capiunt,
785 1293 818 1373 id
834 1305 881 1356 est
896 1295 922 1356 si
944 1304 1051 1356 eontra
1074 1295 1176 1376 legem
1197 1311 1226 1356 4ο

89 1383 201 1444 Iuliam
210 1383 401 1462 Papiamque
414 1383 587 1462 Poppaeam
596 1381 815 1444 contraxerint
826 1382 1070 1459 matrimonium,
1086 1380 1178 1443 uerbi

88 1470 190 1549 gratia
198 1469 226 1529 si
238 1467 384 1529 famosam
397 1469 469 1548 quis
480 1487 613 1530 uxerem
625 1467 765 1545 duxerit,
779 1477 834 1528 aut
845 1466 1027 1528 libertinam
1039 1476 1176 1529 senator.

51 1558 68 1617 3
177 1555 238 1626 Qui
255 1555 336 1615 intra
359 1554 587 1631 sexagesimum
609 1553 663 1614 uei
680 1571 762 1631 quae
778 1555 860 1614 intra
880 1554 1177 1634 quinquagesimum

88 1660 210 1702 annum
226 1641 331 1702 neutri
346 1641 411 1720 legi
423 1641 578 1720 paruerit,
598 1640 670 1700 lieet
687 1641 765 1719 ipsis
776 1638 900 1718 iegibus
912 1649 981 1719 post
997 1640 1076 1702 hane
1092 1649 1179 1701 aeta-

88 1737 151 1788 tem
179 1726 335 1787 liberatus
362 1736 463 1804 esset,
498 1726 664 1806 perpetuis
685 1734 792 1786 tamen
814 1725 926 1804 poenis
954 1725 1116 1788 tenebitur
1138 1746 1178 1787 ex
1198 1741 1228 1786 45

87 1821 220 1874 senatus
242 1813 384 1874 consulto
399 1812 599 1874 Perniciauo:
627 1810 685 1872 sed
702 1808 874 1872 Claudiano
889 1821 1019 1872 senatus
1038 1812 1178 1874 consulto

88 1900 188 1960 maior
211 1899 417 1978 sexagenario
432 1898 460 1959 si
475 1899 629 1959 minorem
644 1897 920 1977 quinquagenario
939 1896 1084 1975 duxerit,
1103 1916 1179 1978 per-

88 1984 164 2047 inde
193 1983 381 2062 habebitur,
417 2004 452 2046 ae
486 1985 512 2045 si
542 1985 646 2046 minor
667 1984 827 2062 sexaginta
854 1981 1179 2046 annorumduxisset

53 2075 232 2134 huxorem.
265 2070 355 2144 Quod
378 2071 404 2131 si
420 2071 519 2132 maior
542 2070 815 2149 quinquagenaria
837 2070 950 2130 minori
973 2070 1178 2150 sexagenario

1 2237 2 2242 ¹
88 2157 248 2237 nupserit,
267 2158 369 2236 impar
383 2157 619 2218 matrimonium
634 2155 827 2236 appellatur,
847 2163 879 2216 et
893 2164 1021 2218 senatus
1037 2156 1177 2218 consulto
1197 2170 1228 2216 eo

1 2285 2 2304 2
89 2243 270 2305 Caluisiano
286 2243 415 2304 iubetur
436 2261 500 2303 non
515 2242 669 2322 proficere
686 2241 727 2302 ad
750 2240 921 2321 capiendas
937 2241 1130 2304 hereditates
1146 2253 1177 2304 et
1312 2240 1315 2248 “

1 2363 2 2366 ¹
88 2331 191 2410 legata
206 2337 235 2390 et
249 2327 349 2390 dotes.
377 2330 482 2408 itaque
499 2338 620 2392 mortua
636 2328 771 2390 muliere
788 2326 845 2390 dos
860 2326 978 2390 eaduea
994 2330 1065 2390 erit.

481 2516 552 2597 [xvir
597 2536 633 2577 nn
656 2516 786 2598 convers]

1 2697 2 2720 ,
52 2644 63 2702 4
177 2637 268 2711 Quod
296 2640 368 2720 quis
390 2636 451 2698 sibi
472 2646 659 2698 testamento
686 2637 845 2716 relicturo,
874 2639 916 2698 ita
940 2647 974 2698 ut
997 2638 1066 2698 iure
1090 2637 1174 2701 ciuili

1 2729 2 2794 4
57 2743 63 2752 ·
88 2744 204 2808 capere
220 2726 336 2806 possit,
360 2724 466 2803 aliqua
483 2743 523 2784 ex
537 2742 630 2786 eausa
651 2742 714 2783 nou
738 2723 876 2804 ceperit,
895 2722 1049 2785 caducum
1064 2722 1227 2803 appel-‚ae

1 2805 2 2848 ¹
87 2812 184 2890 latur,
204 2811 307 2871 ueluti
320 2809 470 2872 ceciderit
486 2808 526 2870 ab
542 2829 595 2870 eo:
614 2809 705 2870 uerbi
723 2811 861 2889 gratiosi
877 2808 990 2869 caelibi
1006 2810 1058 2869 uel
1071 2808 1177 2869 Latino

1 2913 2 2918 ’
88 2898 221 2958 Iuniano
244 2897 382 2976 legatum
405 2895 517 2974 inerit,
548 2915 607 2956 neo
630 2897 713 2956 intra
736 2895 806 2958 dies
828 2904 955 2956 centum
978 2896 1031 2955 uel
1053 2893 1177 2954 caelebs

88 2984 151 3064 legi
174 2984 317 3064 paruerit
339 2982 391 3044 uel
414 2984 542 3043 Latinus
564 2982 613 3042 ius
637 2983 810 3054 Quiritium
831 2989 1019 3042 consecutus
1041 2979 1098 3041 sit:
1124 2991 1177 3040 aut

89 3071 116 3132 si
133 3089 173 3131 ex
187 3078 281 3150 parte
304 3069 398 3130 heres
414 3069 551 3148 scriptus
566 3068 619 3128 uel
634 3069 806 3148 legatarius
820 3075 892 3127 ante
908 3075 1032 3146 apertas
1053 3064 1178 3127 tabulas

49 3160 68 3218 2
90 3155 266 3218 decesserit
281 3157 334 3215 uel
350 3163 486 3235 pereger
502 3154 602 3215 faetus
618 3155 670 3214 sit.
704 3152 802 3214 Hodie
818 3172 858 3214 ex
879 3153 1100 3214 constitutione
1117 3153 1178 3212 im·
1197 3167 1227 3213 ao

89 3243 249 3322 peratoris
264 3238 416 3302 Antonini
438 3241 542 3300 omnia
562 3240 682 3302 caduca
703 3240 776 3300 fiseo
792 3238 1011 3318 uindicantur,
1037 3238 1092 3302 sed
1109 3257 1178 3300 ser-

894 3411 923 3424 M
926 3410 1163 3424 ΛΛΛΛΛΛΛΛΛΛΛΛΛΛ
1167 3411 1175 3422 rr

162 3539 171 3582 4
196 3534 305 3584 abesset
327 3532 346 3583 C
379 3530 389 3599 44
425 3535 438 3581 4
458 3533 604 3583 duodecim
622 3535 650 3582 44
671 3532 821 3583 0444444444
837 3545 932 3581 manes
950 3544 1050 3590 recena,
1073 3531 1178 3581 duooe*

95 3600 138 3664 Cb,
152 3617 203 3654 om.
218 3603 251 3654 0³
261 3615 346 3652 44444
358 3605 441 3663 spatio
453 3602 542 3651 relicto
564 3599 574 3667 44
599 3606 612 3651 5
627 3614 731 3651 nonum
747 3601 766 3652 C
788 3599 798 3666 44
823 3605 836 3648 ‘1
850 3604 952 3665 prestat
967 3601 987 3652 C
1008 3597 1018 3667 44
1043 3604 1057 3649 8
1070 3612 1179 3649 menses

1 3689 2 3702 r
92 3674 204 3723 *etiarn
222 3673 255 3723 0³
279 3669 288 3736 44
314 3669 453 3736 peperitG
480 3666 490 3735 44
520 3674 551 3718 th
570 3669 673 3720 famosa
689 3667 1028 3730 Cb‚iamusauetsamissa
1044 3669 1075 3720 0¹
1100 3665 1110 3734 44
1135 3681 1178 3716 se-

1 3769 2 3776 4
93 3741 210 3792 natusc
243 3737 254 3806 44
289 3743 319 3789 44
340 3739 434 3804 legec
460 3734 471 3803 14
499 3738 719 3804 posta-hancce
747 3735 757 3805 44
785 3737 906 3789 aetateC
934 3735 944 3804 44
974 3742 1005 3786 46
1023 3738 1177 3802 parsieiano

1 3809 2 3830 ¹
94 3811 257 3869 Perizonius,
271 3811 315 3872 qai
327 3814 459 3858 auctorem
470 3808 551 3870 faisse
560 3813 637 3870 potat
651 3809 783 3858 Persicum
795 3821 846 3857 cos.
861 3821 886 3856 o.
900 3811 935 3858 44
957 3804 968 3873 44
992 3809 1022 3854 44
1042 3807 1178 3869 quiuqua-

92 3878 268 3942 geuariemG
290 3875 300 3944 44
324 3883 354 3927 48
374 3876 520 3926 habebitur
535 3876 563 3937 0,
578 3877 672 3927 haheri
686 3876 796 3926 iubetur
808 3876 926 3926 Huschke
947 3872 958 3942 44
980 3877 1012 3922 40
1032 3875 1067 3936 et]
1082 3872 1149 3923 exG
1169 3869 1179 3938 44

92 3953 122 3998 24
139 3949 292 3998 caluisiauo
304 3947 471 4010 4444444444,
487 3947 635 3996 caluitieoo
651 3942 705 4012 Ο·44
732 3949 762 3994 44
776 3948 802 3994 et
815 3944 901 4007 detes]
916 3945 992 3993 detes
1009 3942 1028 3994 C
1052 3939 1062 4008 44
1088 3945 1117 3990 nt
1134 3955 1178 3991 re-

1 4029 2 4048 *
93 4017 195 4068 iictoG
223 4014 234 4083 44
264 4019 295 4064 26
310 4016 440 4065 ceciderit
456 4014 585 4073 04444444,
601 4014 734 4064 ceciditC
760 4012 770 4080 44
800 4012 970 4078 4844444440
997 4008 1007 4077 44
1036 4011 1177 4060 sedeces-

1 4127 2 4130 *
93 4087 215 4137 serintC
244 4083 254 4151 44
288 4085 451 4148 peregrinus
466 4081 585 4133 04444444
619 4082 630 4149 44
665 4080 1179 4147 444444434444444444444444444444-

93 4169 148 4217 seo,
159 4161 219 4216 post
232 4155 336 4204 44444444
351 4157 381 4201 48
396 4153 497 4215 4444944
510 4152 627 4217 Huschke
638 4169 644 4182 ¹
654 4147 665 4216 14
695 4157 722 4200 34
745 4151 877 4200 caducam
893 4149 912 4199 C

936 4232 972 4283 2*
