2922 4898
425 337 785 414 '--45--

88 542 217 602 sematis
233 542 568 621 interpretamentisue
584 543 810 623 posterioribus
833 553 923 610 enata
945 553 1030 605 sunt.
1063 563 1103 604 cx
1124 563 1176 604 co·
1210 541 1211 546 ’

7 647 9 654 “
88 627 215 689 dicibus
242 647 337 708 supra
367 627 501 689 laudatis
531 629 598 709 ipse
624 630 741 690 contuli
763 631 787 689 L
809 632 837 688 Ε
856 631 1065 690 Parisiensem
1092 631 1174 690 llos

86 715 188 774 Vatic.
208 733 275 793 reg.
297 713 397 774 ⁴050:
413 715 582 776 Bemensis
604 715 797 776 collationem
814 714 994 776 liberalitati
1006 717 1176 776 Hermanni

87 801 197 879 Hagen
224 799 342 877 debeo,
379 797 571 880 reliquorum
599 802 750 862 lectiones
780 820 819 862 ex
855 801 996 862 Haenclii
1022 811 1174 880 apparatu

88 887 241 965 repetiui.

175 970 226 1032 Ad
249 989 302 1032 eas
322 970 462 1050 denique
478 972 668 1048 sentcntiaS,
694 991 772 1052 quas
788 974 871 1033 solae
886 971 1087 1053 Appendices
1102 974 1175 1052 Legi

87 1058 247 1118 Romanae
270 1057 513 1136 Wisigotharum
537 1059 568 1118 in
599 1059 772 1123 nonnullis,
787 1058 948 1119 codicibus
972 1058 1113 1119 adnexae
1136 1078 1176 1119 ex

87 1145 216 1223 integro
228 1162 324 1222 opere
341 1153 502 1222 excerptas
515 1143 643 1213 habent,
662 1163 733 1205 cum
749 1144 805 1205 has
817 1143 1019 1224 Appendices
1034 1163 1174 1206 seorsum

88 1229 239 1290 editurus
254 1229 329 1307 sim,
348 1228 505 1290 delectum
521 1231 680 1290 uariarum
696 1231 863 1292 lectionum
880 1229 971 1291 dedi:
1000 1229 1174 1310 eodemque

87 1315 183 1376 modo
208 1316 347 1394 reliquos
370 1315 597 1376 sententiarum
620 1325 765 1376 auctores
786 1316 927 1377 adhibui.
968 1318 1077 1396 paucis
1099 1317 1174 1378 locis

86 1401 128 1461 ad
144 1420 256 1462 ueram
280 1401 444 1461 lectionem
465 1401 694 1463 restituendam
716 1411 857 1463 ueterem
874 1403 1102 1463 sententiarum
1123 1403 1174 1462 in-

87 1488 367 1566 terpretationem,
387 1501 469 1566 quae
485 1489 577 1566 Legis
592 1489 748 1548 Romanae
765 1488 875 1568 Wisig.
893 1498 1014 1568 partem
1031 1488 1120 1566 lacit,
1141 1490 1173 1549 in

87 1572 270 1634 subsidium
286 1573 409 1633 uocaui.

175 1657 281 1738 Atque
303 1668 338 1719 ut
353 1668 519 1737 appareat,
544 1657 629 1720 unde
646 1659 788 1740 singulae
811 1660 987 1720 sententiae
1010 1661 1173 1720 restitutae

87 1746 171 1820 sint,
197 1747 230 1804 in
246 1743 444 1807 adnotatione
460 1746 640 1824 superiore,
666 1746 770 1824 siqui
797 1755 924 1825 praeter
949 1747 1062 1824 Legem
1083 1747 1170 1806 Rom.

87 1831 201 1910 Wisig.
217 1831 446 1891 sententiarum
459 1839 599 1891 auctores
612 1840 730 1907 extant,
747 1850 799 1892 cos
812 1830 955 1906 laudabo,
976 1833 1008 1892 in
1024 1840 1174 1892 contextu

87 1926 196 1977 autem
220 1916 305 1976 Pauli
331 1916 500 1977 uerborum
529 1918 650 1994 omnia,
680 1935 761 1996 quae
789 1918 821 1976 in
843 1918 924 1996 Lege
945 1917 1033 1977 Rom.
1059 1917 1171 1997 Wisig.

87 2004 205 2063 omissa
221 2010 305 2076 sunt,
324 2001 457 2062 stellulis
473 2003 742 2082 circumsaepiam.
830 2007 831 2012 ’

176 2087 283 2148 Restat
298 2097 333 2148 ut
349 2087 389 2148 de
405 2089 495 2148 titulo
511 2089 615 2167 operis
632 2107 731 2168 pauca
745 2106 1016 2168 praemoneamus.
1036 2091 1068 2149 in
1080 2089 1174 2168 Dige-

87 2175 145 2234 stis
163 2173 333 2234 Collatione
349 2172 587 2253 Appendicibus
602 2175 682 2254 Lege
697 2175 833 2235 Romana
849 2173 1108 2254 Burgundionum
1125 2176 1175 2235 ci-

86 2270 199 2320 tantur
222 2260 310 2320 Puuli
330 2262 547 2320 sententiarum
570 2259 621 2320 lib.
646 2261 666 2320 Ι
677 2270 757 2336 etc,
788 2277 922 2340 quocum
948 2261 1173 2322 consultationi

84 2365 217 2425 qnoque
237 2347 412 2426 conuenit,
426 2347 486 2405 nisi
511 2344 596 2424 quod
612 2346 689 2406 haec
711 2348 810 2406 semel
839 2343 878 2425 (6,
900 2346 929 2428 6)
956 2347 1174 2408 sententiarum

84 2439 281 2512 receptorum
308 2432 433 2492 titulum
463 2431 580 2492 laudat.
619 2433 650 2492 in
678 2432 838 2512 plerisque
865 2433 954 2512 Legis
976 2433 1063 2494 Rom.
1090 2431 1170 2495 wis.

85 2517 255 2580 codicibus
277 2517 356 2577 libro
372 2518 383 2576 l
400 2518 614 2596 praemittitur
629 2517 680 2578 hic
700 2519 811 2579 titulus
828 2519 917 2579 Paula¹
934 2521 1170 2580 sententiarum:

84 2615 117 2664 at
136 2605 169 2664 in
186 2601 293 2664 codice
308 2605 336 2663 E
348 2612 380 2663 et
395 2605 427 2664 in
442 2602 629 2665 Rosambino
645 2604 761 2684 legitur
782 2605 841 2665 iuli
851 2603 942 2685 pauli
955 2605 1172 2666 sententiarum

84 2689 129 2751 od
147 2689 263 2770 fillum,
283 2708 418 2768 quocum
442 2691 643 2751 consentiunt
664 2691 827 2770 inscriptio
849 2690 924 2751 libri
940 2691 979 2749 lll
1002 2691 1074 2751 inL
1094 2690 1173 2751 alio-

83 2794 225 2854 rumque
241 2775 383 2836 codicum
399 2776 629 2855 inscriptiones,
649 2795 728 2856 quas
744 2777 861 2837 Raenel
879 2778 910 2837 in
928 2775 1065 2837 editione
1082 2776 1173 2855 Legis

82 2863 176 2923 Rom.
196 2861 274 2922 Wis.
299 2882 331 2941 p.
350 2861 412 2920 338
435 2861 519 2922 citat.
539 2861 590 2921 hic'
605 2861 715 2924 titulus
732 2863 808 2942 quin
826 2863 984 2942 genuinus
999 2863 1056 2940 sit,
1075 2859 1172 2922 dubi-

83 2949 146 3009 tari
164 2949 220 3008 uix
237 2957 349 3027 potest.
380 2956 485 3008 contra
497 2945 684 3009 uocabulum
702 2956 901 3028 receptorum,
922 2946 1006 3026 quod
1020 2955 1050 3007 et
1066 2947 1171 3027 ipsum

82 3043 166 3096 teste
184 3033 335 3094 Haenelio
364 3034 396 3094 in
417 3033 578 3094 nonnullis
601 3036 692 3112 Legis
711 3036 865 3094 Romanae
892 3031 1052 3094 codicibus
1074 3032 1168 3112 redit,

82 3120 263 3201 genuinum
286 3137 349 3179 non
371 3137 439 3180 esse
463 3117 530 3179 iere
546 3138 654 3180 omnes
677 3121 738 3181 uiri
761 3117 842 3180 docti
860 3118 952 3180 hodie
969 3119 1171 3180 consentiunt

82 3217 116 3268 et
133 3205 213 3266 mihi
230 3221 356 3284 quoque
372 3215 559 3284 persuasum
577 3213 634 3266 est.

450 3479 479 3528 ll
489 3500 521 3522 =
536 3479 705 3530 Monacensis
718 3479 739 3528 D
753 3483 767 3527 2

449 3549 470 3598 L
491 3568 522 3591 =
536 3549 695 3598 Parisiensis
709 3550 774 3597 llos

449 3618 468 3665 A
491 3637 523 3660 ι·-
537 3617 737 3668 Aurelianensis
750 3621 797 3665 207

450 3683 475 3735 E
490 3705 521 3728 =
535 3685 726 3750 Eporediensis
739 3689 769 3735 35
