2926 4888
289 331 536 392 rastrum-u
668 303 755 376 ’....
800 329 861 391 105
904 361 991 376 ...-

289 519 468 582 libertatem
495 520 669 601 peruenire
690 520 805 597 possit,
838 517 1022 580 condicione
1052 516 1247 580 uenditionis
1267 518 1378 598 excipi
1445 559 1446 562 ,

252 605 269 665 3
289 616 405 687 potest.
429 607 605 668 Tormentis
616 604 699 686 apud
712 604 891 685 praesidem
904 603 1066 666 subiectus
1082 611 1113 664 et
1124 603 1164 666 de
1179 605 1268 666 nulla
1280 605 1378 684 culpa

253 691 454 754 iconlessus
475 691 516 754 ad
538 694 651 755 iustam
673 690 854 752 libertatem
875 689 1007 770 perduci
1031 698 1143 770 potest.
1196 689 1378 752 Fidaicom-

290 780 385 840 missa
406 778 536 840 libertas
556 777 629 840 data
654 777 734 840 lacto
756 776 883 838 heredis
905 795 969 838 non
997 785 1155 855 mutatur,
1179 778 1207 837 si
1230 796 1376 854 seruum,

253 863 271 922 5
291 884 386 944 quem
401 867 630 935 manumittere.
642 864 748 926 iussus
763 872 821 942 est,
839 865 992 925 uinxerit.
1026 862 1231 924 Communem
1246 881 1379 926 seruum
1398 872 1409 916 ⁵

290 970 375 1013 unus
390 970 430 1014 ex
445 951 537 1012 sociis
552 949 722 1012 uinciendo
745 948 869 1012 futurae
886 947 1025 1010 libertati
1039 967 1102 1010 non
1118 947 1265 1010 nocebit:
1290 950 1381 1010 inter

290 1056 383 1117 pares
399 1037 485 1101 enim
496 1038 654 1098 sententia
666 1035 850 1098 clementior
860 1035 1013 1097 seueriori
1025 1032 1222 1114 praefertur:
1242 1044 1275 1097 et
1289 1045 1380 1097 certe

290 1125 445 1185 humanae
466 1123 595 1184 rationis
610 1132 658 1184 est
681 1120 788 1184 fauere
804 1119 1034 1199 miserioribus²
1063 1139 1158 1201 prope
1173 1129 1207 1182 et
1220 1122 1380 1183 innocen-

291 1219 338 1269 tes
354 1208 479 1287 dicere,
504 1226 584 1288 quos
600 1207 742 1270 absoluta
759 1215 909 1270 nocentes
923 1208 1129 1288 pmnuntiare
1149 1226 1212 1269 non
1228 1217 1376 1287 possunt.

254 1295 271 1351 6
290 1293 420 1356 Debitor
434 1293 610 1356 creditome
627 1313 755 1356 seruum
776 1293 919 1374 pignoris
934 1292 1105 1354 uinciendo
1125 1291 1313 1355 dediticium
1330 1293 1379 1354 la·
1397 1303 1424 1347 to

290 1399 364 1442 cere
380 1399 443 1442 non
458 1389 607 1460 possunt:
625 1381 706 1441 alter
720 1379 804 1441 enim
817 1380 889 1442 siue
904 1379 1145 1440 altero-causam
1159 1379 1303 1458 pignoris
1319 1378 1379 1441 de-

254 1464 440 1528 taetriorem
462 1465 565 1528 facere
586 1484 649 1528 non
670 1474 783 1546 potest.
830 1467 950 1528 Seruus
972 1464 1083 1526 furiosi
1102 1464 1223 1526 domini
1245 1466 1299 1527 uel
1315 1485 1378 1546 pu-

291 1554 360 1633 pilli
384 1553 473 1615 iussu
494 1553 622 1614 uinctus
643 1550 865 1613 dediticiorum
887 1570 1018 1612 numero
1034 1569 1096 1612 non
1113 1550 1274 1631 afficitur,
1300 1554 1379 1632 quia

254 1639 272 1696 8
291 1658 396 1719 neque
413 1637 552 1700 furiosus
567 1656 671 1717 neque
687 1638 829 1718 pupillus
844 1638 946 1698 exacti
961 1637 1084 1698 consilii
1099 1655 1198 1718 capax
1213 1647 1273 1700 est.
1307 1639 1377 1699 Non

291 1735 412 1787 tantum
428 1728 455 1787 si
471 1727 540 1806 ipse
556 1723 703 1786 dominus
717 1724 846 1803 uinciat,
865 1732 958 1786 nocet
971 1723 1123 1802 libertati,
1140 1722 1197 1785 sed
1212 1733 1245 1785 et
1259 1724 1287 1785 si
1301 1726 1379 1785 uin·
1397 1733 1425 1778 ⁴⁵

292 1813 351 1874 ciri
367 1811 475 1874 iubeat
496 1820 550 1873 aut
564 1811 735 1873 uincientis
757 1811 968 1890 procuratoris
984 1810 1138 1871 actorisue
1156 1809 1275 1870 lactum
1289 1829 1379 1871 oom-

291 1897 416 1978 probet.
456 1896 606 1976 quodsi,
632 1905 802 1976 antequam
824 1897 920 1958 sciret
934 1897 1095 1974 uinctum,
1120 1895 1286 1957 solutionis
1306 1896 1378 1958 eius

292 2003 402 2046 causas
415 1981 656 2064 approbauerit‚
679 1981 819 2044 libertati
834 1980 959 2046 futurae
974 1982 1101 2044 uincula
1123 1989 1187 2042 non
1201 1981 1375 2044 nocebunt.

255 2071 272 2128 9
293 2070 389 2132 Caeco
411 2078 535 2132 curator
549 2068 618 2131 dari
639 2088 701 2130 non
724 2077 845 2149 potest,
869 2069 943 2148 quia
965 2069 1033 2148 ipse
1055 2067 1117 2129 sibi
1137 2079 1378 2148 procuratorem

288 2157 457 2218 instituere
471 2165 586 2236 potest.
1396 2163 1424 2208 so

516 2343 577 2424 [xm
620 2361 658 2404 ns
680 2361 910 2404 rinsroonmssrs
933 2341 1144 2424 tinuimrmvs]

258 2464 268 2522 l
378 2465 422 2532 Ea
438 2463 621 2526 condicione
637 2463 731 2524 heres
752 2463 914 2524 institutus
938 2481 964 2523 sr
979 2480 1100 2524 crassos
1123 2481 1191 2524 sros
1212 2483 1380 2526 suasores-

291 2569 376 2613 rsmr
407 2548 583 2611 omnimodo
605 2568 658 2612 eos
681 2550 879 2630 emancipare
901 2547 1059 2628 cogendus
1082 2556 1146 2610 est:
1179 2568 1237 2630 pro
1263 2549 1381 2613 condi-

255 2637 382 2698 fioione
404 2637 488 2698 enim
511 2636 570 2696 hoc
591 2635 657 2696 loco
678 2635 886 2715 emancipatio
907 2629 1037 2696 uidetur
1059 2633 1227 2715 adscripta.
1275 2637 1381 2698 Dece-

292 2723 388 2785 dente
410 2742 462 2802 eo,
489 2741 506 2793 a
528 2741 590 2802 quo
612 2721 852 2784 fideicommissa
873 2719 1004 2782 libertas
1018 2719 1129 2783 relicta
1151 2730 1217 2800 est,
1237 2721 1380 2790 heredes
1398 2731 1427 2778 tu

255 2809 272 2868 3
292 2813 362 2872 eius
378 2829 446 2871 eam
461 2818 623 2890 praestare
638 2806 770 2887 cogendi
786 2815 871 2868 sunt.
896 2805 1060 2868 Decedens
1075 2807 1177 2868 seruis
1194 2811 1261 2870 suis
1276 2808 1381 2870 liber-

291 2905 388 2959 tatem
409 2897 452 2956 ita
467 2894 572 2956 dedit:
604 2912 692 2955 torva
708 2912 744 2953 nr
758 2911 847 2954 muru
862 2911 980 2954 irrasos
995 2911 1061 2953 nsss
1076 2910 1151 2954 voto
1165 2911 1277 2966 aosorn
1292 2914 1381 2957 rimis

291 3001 358 3043 usis
380 2999 581 3058 rvronusoo:
607 2978 781 3061 impeditur
797 2977 1038 3040 fideicommissa
1052 2977 1198 3058 libertas,
1223 2982 1299 3059 quia
1314 3001 1381 3061 pu-

291 3069 360 3148 pilli
377 3069 445 3129 sine
460 3069 573 3129 tutoris
593 3064 776 3128 auctoritate
787 3065 1020 3126 ‘manumittere
1036 3083 1099 3125 non
1120 3075 1256 3144 possunt
1272 3077 1303 3128 et
1319 3067 1381 3128 ha-

291 3153 443 3215 bentibus
458 3161 578 3215 tutores
592 3163 679 3215 tutor
693 3151 761 3213 dari
777 3169 840 3212 non
855 3159 967 3231 potest.
1011 3149 1068 3212 sed
1084 3150 1214 3212 interim
1228 3153 1302 3221 uice
1318 3151 1381 3215 ab·
1397 3162 1425 3208 ao

198 3263 200 3268 ·
293 3240 430 3301 sentium
445 3239 560 3318 pupilli
576 3238 788 3316 habebuntur,
806 3246 843 3298 ut
859 3255 899 3298 ex
914 3236 1040 3298 decreto
1053 3237 1239 3316 amplissimi
1254 3238 1380 3302 ordinis

292 3326 431 3404 primum
446 3323 577 3387 libertas
592 3343 628 3385 ao
643 3321 759 3386 deinde
774 3323 873 3385 tutela
889 3333 1064 3402 competere
1080 3323 1190 3403 possit.

556 3510 614 3593 [xiv
656 3528 694 3573 ao
715 3529 812 3573 trouu
833 3529 937 3573 irritu
960 3510 1111 3593 esurium]

202 3655 204 3658 ·
258 3635 268 3694 t
377 3633 565 3696 Nominatim
581 3633 668 3694 serui
683 3639 870 3694 testamento
885 3632 1065 3695 manumitti
1080 3629 1256 3693 secundum
1272 3611 1378 3714 legem

291 3721 410 3786 Fufiam
432 3727 574 3800 possunt.
618 3719 804 3780 nominatim
820 3727 926 3780 autem
941 3719 1165 3792 manumittere
1180 3717 1379 3800 intellegitur
1395 3729 1425 3776 aa

293 3912 342 3924 NVV

362 4012 605 4064 tfideieommisso
618 4011 689 4062 dett..
721 4010 732 4074 ΙΙ
773 4009 938 4060 olibartatis
951 4010 999 4060 ML
1040 4009 1051 4073 ΙΙ
1093 4012 1211 4073 flprope
1227 4010 1255 4059 et
1270 4014 1377 4075 scripsi,

291 4081 458 4146 probetML,
472 4080 558 4146 probe
571 4082 631 4130 dett.
663 4080 674 4143 ΙΙ
704 4084 734 4129 ta
754 4079 914 4139 iusserint,
929 4080 1033 4129 iussum
1046 4079 1095 4129 ML
1124 4077 1136 4141 l}
1164 4081 1195 4126 ta
1210 4079 1380 4132 omnimodis

292 4151 390 4200 codices
417 4151 429 4212 u
459 4153 489 4199 at
510 4148 678 4213 nominatim]
694 4161 748 4198 non
762 4149 813 4198 nisi
827 4149 986 4198 nominatim
1000 4161 1051 4198 scr.
1065 4149 1196 4206 (similiter
1207 4147 1336 4216 Bacchica)

866 4393 872 4407 Χ
894 4401 907 4436 1
