<?xml version="1.0" encoding="UTF-8"?>
<!DOCTYPE html PUBLIC "-//W3C//DTD XHTML 1.0 Transitional//EN"
    "http://www.w3.org/TR/xhtml1/DTD/xhtml1-transitional.dtd">
<html xmlns="http://www.w3.org/1999/xhtml" xml:lang="en" lang="en">
 <head>
  <title>
</title>
<meta http-equiv="Content-Type" content="text/html;charset=utf-8" />
  <meta name='ocr-system' content='tesseract 3.04.00' />
  <meta name='ocr-capabilities' content='ocr_page ocr_carea ocr_par ocr_line ocrx_word'/>
</head>
<body>
  <div class='ocr_page' id='page_1' title='image "./vlpianilibersin00kruegoog_0041.png"; bbox 0 0 2922 4898; ppageno 0'>
   <div class='ocr_carea' id='block_1_1' title="bbox 485 264 1175 359">
    <p class='ocr_par' dir='ltr' id='par_1_1' title="bbox 485 264 1175 359">
     <span class='ocr_line' id='line_1_1' title="bbox 485 264 1175 359; baseline -0.023 -2"><span class='ocrx_word' id='word_1_1' title='bbox 485 324 568 336; x_wconf 78' lang='lat'>-···</span> <span class='ocrx_word' id='word_1_2' title='bbox 613 293 653 354; x_wconf 80' lang='grc'>25</span> <span class='ocrx_word' id='word_1_3' title='bbox 699 325 784 338; x_wconf 91' lang='lat'><strong><em>--··</em></strong></span> <span class='ocrx_word' id='word_1_4' title='bbox 944 264 946 283; x_wconf 51' lang='grc' dir='ltr'>Ι</span> <span class='ocrx_word' id='word_1_5' title='bbox 1068 294 1175 359; x_wconf 60' lang='lat' dir='ltr'>leia</span> 
     </span>
    </p>
   </div>
   <div class='ocr_carea' id='block_1_2' title="bbox 7 480 1281 3660">
    <p class='ocr_par' dir='ltr' id='par_1_2' title="bbox 7 480 1281 3660">
     <span class='ocr_line' id='line_1_2' title="bbox 88 480 1176 560; baseline 0.002 -20"><span class='ocrx_word' id='word_1_6' title='bbox 88 481 288 542; x_wconf 72' lang='lat' dir='ltr'>Latinitatem</span> <span class='ocrx_word' id='word_1_7' title='bbox 311 481 532 559; x_wconf 83' lang='lat' dir='ltr'>consequitur,</span> <span class='ocrx_word' id='word_1_8' title='bbox 565 480 651 560; x_wconf 92' lang='lat' dir='ltr'>quod</span> <span class='ocrx_word' id='word_1_9' title='bbox 674 500 735 542; x_wconf 88' lang='lat' dir='ltr'>non</span> <span class='ocrx_word' id='word_1_10' title='bbox 759 481 881 560; x_wconf 85' lang='lat' dir='ltr'>proiicit</span> <span class='ocrx_word' id='word_1_11' title='bbox 904 481 944 542; x_wconf 90' lang='lat' dir='ltr'>ad</span> <span class='ocrx_word' id='word_1_12' title='bbox 967 481 1176 544; x_wconf 84' lang='lat' dir='ltr'>hereditatem</span> 
     </span>
     <span class='ocr_line' id='line_1_3' title="bbox 48 565 1177 648; baseline 0.005 -24"><span class='ocrx_word' id='word_1_13' title='bbox 48 565 66 624; x_wconf 84' lang='grc'>9</span> <span class='ocrx_word' id='word_1_14' title='bbox 87 565 287 646; x_wconf 86' lang='lat' dir='ltr'>capiendam.</span> <span class='ocrx_word' id='word_1_15' title='bbox 328 565 456 627; x_wconf 79' lang='lat' dir='ltr'>Alienos</span> <span class='ocrx_word' id='word_1_16' title='bbox 472 585 580 627; x_wconf 90' lang='lat' dir='ltr'>seruos</span> <span class='ocrx_word' id='word_1_17' title='bbox 596 565 731 628; x_wconf 90' lang='lat' dir='ltr'>heredes</span> <span class='ocrx_word' id='word_1_18' title='bbox 753 567 919 628; x_wconf 81' lang='lat' dir='ltr'>instituere</span> <span class='ocrx_word' id='word_1_19' title='bbox 941 587 1109 648; x_wconf 91' lang='lat' dir='ltr'>possumus</span> <span class='ocrx_word' id='word_1_20' title='bbox 1125 588 1177 630; x_wconf 89' lang='lat' dir='ltr'>cos</span> 
     </span>
     <span class='ocr_line' id='line_1_4' title="bbox 86 651 1174 734; baseline 0 -20"><span class='ocrx_word' id='word_1_21' title='bbox 86 660 221 731; x_wconf 79' lang='lat' dir='ltr'>tactum,</span> <span class='ocrx_word' id='word_1_22' title='bbox 240 671 376 732; x_wconf 86' lang='lat' dir='ltr'>quorum</span> <span class='ocrx_word' id='word_1_23' title='bbox 392 671 463 713; x_wconf 91' lang='lat' dir='ltr'>cum</span> <span class='ocrx_word' id='word_1_24' title='bbox 480 651 813 734; x_wconf 17' lang='lat' dir='ltr'>dominis-testamenti</span> <span class='ocrx_word' id='word_1_25' title='bbox 829 652 994 715; x_wconf 83' lang='lat' dir='ltr'>lectionem</span> <span class='ocrx_word' id='word_1_26' title='bbox 1009 653 1174 716; x_wconf 79' lang='lat' dir='ltr'>habemus,</span> 
     </span>
     <span class='ocr_line' id='line_1_5' title="bbox 31 735 1177 818; baseline 0.005 -24"><span class='ocrx_word' id='word_1_27' title='bbox 31 735 67 795; x_wconf 86' lang='lat' dir='ltr'>to</span> <span class='ocrx_word' id='word_1_28' title='bbox 89 738 274 799; x_wconf 88' lang='lat' dir='ltr'>Communis</span> <span class='ocrx_word' id='word_1_29' title='bbox 296 757 410 800; x_wconf 88' lang='lat' dir='ltr'>seruus</span> <span class='ocrx_word' id='word_1_30' title='bbox 439 758 511 800; x_wconf 91' lang='lat' dir='ltr'>cum</span> <span class='ocrx_word' id='word_1_31' title='bbox 533 737 680 800; x_wconf 88' lang='lat' dir='ltr'>libertate</span> <span class='ocrx_word' id='word_1_32' title='bbox 703 747 786 800; x_wconf 87' lang='lat' dir='ltr'>recte</span> <span class='ocrx_word' id='word_1_33' title='bbox 811 738 941 818; x_wconf 90' lang='lat' dir='ltr'>quidem</span> <span class='ocrx_word' id='word_1_34' title='bbox 969 741 1062 802; x_wconf 90' lang='lat' dir='ltr'>heres</span> <span class='ocrx_word' id='word_1_35' title='bbox 1084 742 1177 802; x_wconf 91' lang='lat' dir='ltr'>insti-</span> 
     </span>
     <span class='ocr_line' id='line_1_6' title="bbox 86 825 1209 904; baseline 0 -20"><span class='ocrx_word' id='word_1_36' title='bbox 86 825 192 886; x_wconf 90' lang='lat' dir='ltr'>tuitur</span> <span class='ocrx_word' id='word_1_37' title='bbox 208 825 298 904; x_wconf 90' lang='lat' dir='ltr'>quasi</span> <span class='ocrx_word' id='word_1_38' title='bbox 312 825 461 904; x_wconf 88' lang='lat' dir='ltr'>proprius</span> <span class='ocrx_word' id='word_1_39' title='bbox 483 843 541 904; x_wconf 93' lang='lat' dir='ltr'>pro</span> <span class='ocrx_word' id='word_1_40' title='bbox 556 833 646 904; x_wconf 88' lang='lat' dir='ltr'>parte</span> <span class='ocrx_word' id='word_1_41' title='bbox 669 834 790 886; x_wconf 90' lang='lat' dir='ltr'>nostra:</span> <span class='ocrx_word' id='word_1_42' title='bbox 810 826 878 886; x_wconf 88' lang='lat' dir='ltr'>sine</span> <span class='ocrx_word' id='word_1_43' title='bbox 900 825 1049 887; x_wconf 81' lang='lat' dir='ltr'>libertate</span> <span class='ocrx_word' id='word_1_44' title='bbox 1072 834 1176 888; x_wconf 89' lang='lat' dir='ltr'>autem</span> <span class='ocrx_word' id='word_1_45' title='bbox 1197 839 1209 884; x_wconf 80' lang='lat'>⁵</span> 
     </span>
     <span class='ocr_line' id='line_1_7' title="bbox 7 909 1175 991; baseline 0.006 -25"><span class='ocrx_word' id='word_1_46' title='bbox 7 941 9 952; x_wconf 58' lang='grc' dir='ltr'>ι</span> <span class='ocrx_word' id='word_1_47' title='bbox 32 909 63 967; x_wconf 90' lang='grc'>44</span> <span class='ocrx_word' id='word_1_48' title='bbox 89 911 183 990; x_wconf 87' lang='lat' dir='ltr'>quasi</span> <span class='ocrx_word' id='word_1_49' title='bbox 212 910 337 972; x_wconf 89' lang='lat' dir='ltr'>alienus</span> <span class='ocrx_word' id='word_1_50' title='bbox 359 919 488 990; x_wconf 88' lang='lat' dir='ltr'>propter</span> <span class='ocrx_word' id='word_1_51' title='bbox 509 912 585 972; x_wconf 91' lang='lat' dir='ltr'>socii</span> <span class='ocrx_word' id='word_1_52' title='bbox 615 919 748 991; x_wconf 89' lang='lat' dir='ltr'>partem.</span> <span class='ocrx_word' id='word_1_53' title='bbox 795 912 942 991; x_wconf 87' lang='lat' dir='ltr'>Proprius</span> <span class='ocrx_word' id='word_1_54' title='bbox 967 931 1082 973; x_wconf 87' lang='lat' dir='ltr'>seruus</span> <span class='ocrx_word' id='word_1_55' title='bbox 1105 932 1175 973; x_wconf 93' lang='lat' dir='ltr'>cum</span> 
     </span>
     <span class='ocr_line' id='line_1_8' title="bbox 7 996 1178 1078; baseline 0.003 -24"><span class='ocrx_word' id='word_1_56' title='bbox 7 1047 8 1054; x_wconf 71' lang='grc'>,</span> <span class='ocrx_word' id='word_1_57' title='bbox 89 996 238 1058; x_wconf 88' lang='lat' dir='ltr'>libertate</span> <span class='ocrx_word' id='word_1_58' title='bbox 269 996 362 1058; x_wconf 91' lang='lat' dir='ltr'>heres</span> <span class='ocrx_word' id='word_1_59' title='bbox 390 998 555 1058; x_wconf 89' lang='lat' dir='ltr'>institutus</span> <span class='ocrx_word' id='word_1_60' title='bbox 582 998 609 1057; x_wconf 93' lang='lat' dir='ltr'>si</span> <span class='ocrx_word' id='word_1_61' title='bbox 640 996 770 1076; x_wconf 92' lang='lat' dir='ltr'>quidem</span> <span class='ocrx_word' id='word_1_62' title='bbox 792 997 825 1058; x_wconf 90' lang='lat' dir='ltr'>in</span> <span class='ocrx_word' id='word_1_63' title='bbox 853 996 966 1058; x_wconf 86' lang='lat' dir='ltr'>eadem</span> <span class='ocrx_word' id='word_1_64' title='bbox 988 1017 1081 1058; x_wconf 90' lang='lat' dir='ltr'>causa</span> <span class='ocrx_word' id='word_1_65' title='bbox 1103 1017 1178 1078; x_wconf 92' lang='lat' dir='ltr'>per-</span> 
     </span>
     <span class='ocr_line' id='line_1_9' title="bbox 7 1082 1178 1168; baseline 0.001 -25"><span class='ocrx_word' id='word_1_66' title='bbox 7 1093 9 1168; x_wconf 74' lang='grc' dir='ltr'><strong>ξ</strong></span> <span class='ocrx_word' id='word_1_67' title='bbox 91 1084 255 1160; x_wconf 89' lang='lat' dir='ltr'>manserit,</span> <span class='ocrx_word' id='word_1_68' title='bbox 283 1101 322 1142; x_wconf 85' lang='lat' dir='ltr'>ex</span> <span class='ocrx_word' id='word_1_69' title='bbox 345 1092 532 1144; x_wconf 89' lang='lat' dir='ltr'>testamento</span> <span class='ocrx_word' id='word_1_70' title='bbox 555 1082 636 1143; x_wconf 90' lang='lat' dir='ltr'>liher</span> <span class='ocrx_word' id='word_1_71' title='bbox 659 1092 690 1144; x_wconf 88' lang='lat' dir='ltr'>et</span> <span class='ocrx_word' id='word_1_72' title='bbox 713 1084 807 1144; x_wconf 89' lang='lat' dir='ltr'>heres</span> <span class='ocrx_word' id='word_1_73' title='bbox 829 1083 880 1160; x_wconf 82' lang='lat' dir='ltr'>fit,</span> <span class='ocrx_word' id='word_1_74' title='bbox 906 1083 939 1144; x_wconf 95' lang='lat' dir='ltr'>id</span> <span class='ocrx_word' id='word_1_75' title='bbox 962 1092 1010 1144; x_wconf 90' lang='lat' dir='ltr'>est</span> <span class='ocrx_word' id='word_1_76' title='bbox 1032 1103 1178 1146; x_wconf 87' lang='lat' dir='ltr'>necesse-</span> 
     </span>
     <span class='ocr_line' id='line_1_10' title="bbox 34 1167 1247 1248; baseline 0.003 -23"><span class='ocrx_word' id='word_1_77' title='bbox 34 1167 70 1226; x_wconf 58' lang='grc'>44</span> <span class='ocrx_word' id='word_1_78' title='bbox 91 1169 171 1230; x_wconf 91' lang='lat' dir='ltr'>rius.</span> <span class='ocrx_word' id='word_1_79' title='bbox 219 1167 310 1240; x_wconf 85' lang='lat' dir='ltr'>Quod</span> <span class='ocrx_word' id='word_1_80' title='bbox 340 1167 428 1230; x_wconf 88' lang='lat' dir='ltr'>siah</span> <span class='ocrx_word' id='word_1_81' title='bbox 459 1171 525 1248; x_wconf 94' lang='lat' dir='ltr'>ipso</span> <span class='ocrx_word' id='word_1_82' title='bbox 548 1179 696 1230; x_wconf 85' lang='lat' dir='ltr'>testatore</span> <span class='ocrx_word' id='word_1_83' title='bbox 724 1171 856 1230; x_wconf 89' lang='lat' dir='ltr'>uiuente</span> <span class='ocrx_word' id='word_1_84' title='bbox 886 1171 1097 1230; x_wconf 88' lang='lat' dir='ltr'>manumissus</span> <span class='ocrx_word' id='word_1_85' title='bbox 1126 1171 1178 1231; x_wconf 90' lang='lat' dir='ltr'>uel</span> <span class='ocrx_word' id='word_1_86' title='bbox 1244 1183 1247 1188; x_wconf 79' lang='grc'>’</span> 
     </span>
     <span class='ocr_line' id='line_1_11' title="bbox 89 1254 1228 1335; baseline -0.002 -20"><span class='ocrx_word' id='word_1_87' title='bbox 89 1256 250 1316; x_wconf 86' lang='lat' dir='ltr'>alienatus</span> <span class='ocrx_word' id='word_1_88' title='bbox 272 1255 329 1333; x_wconf 90' lang='lat' dir='ltr'>sit,</span> <span class='ocrx_word' id='word_1_89' title='bbox 362 1274 419 1316; x_wconf 92' lang='lat' dir='ltr'>suo</span> <span class='ocrx_word' id='word_1_90' title='bbox 440 1254 571 1315; x_wconf 83' lang='lat' dir='ltr'>arbitrio</span> <span class='ocrx_word' id='word_1_91' title='bbox 600 1255 652 1316; x_wconf 92' lang='lat' dir='ltr'>uel</span> <span class='ocrx_word' id='word_1_92' title='bbox 675 1257 765 1316; x_wconf 91' lang='lat' dir='ltr'>iussu</span> <span class='ocrx_word' id='word_1_93' title='bbox 794 1257 945 1335; x_wconf 90' lang='lat' dir='ltr'>emptoris</span> <span class='ocrx_word' id='word_1_94' title='bbox 968 1254 1178 1318; x_wconf 86' lang='lat' dir='ltr'>hereditatem</span> <span class='ocrx_word' id='word_1_95' title='bbox 1197 1270 1228 1314; x_wconf 91' lang='grc'>44</span> 
     </span>
     <span class='ocr_line' id='line_1_12' title="bbox 89 1339 1177 1420; baseline 0 -18"><span class='ocrx_word' id='word_1_96' title='bbox 89 1341 181 1403; x_wconf 88' lang='lat' dir='ltr'>adire</span> <span class='ocrx_word' id='word_1_97' title='bbox 197 1349 312 1420; x_wconf 90' lang='lat' dir='ltr'>potest.</span> <span class='ocrx_word' id='word_1_98' title='bbox 353 1340 410 1402; x_wconf 89' lang='lat' dir='ltr'>sed</span> <span class='ocrx_word' id='word_1_99' title='bbox 425 1342 452 1401; x_wconf 93' lang='lat' dir='ltr'>si</span> <span class='ocrx_word' id='word_1_100' title='bbox 475 1342 543 1402; x_wconf 91' lang='lat' dir='ltr'>sine</span> <span class='ocrx_word' id='word_1_101' title='bbox 560 1339 705 1402; x_wconf 89' lang='lat' dir='ltr'>libertate</span> <span class='ocrx_word' id='word_1_102' title='bbox 721 1343 762 1402; x_wconf 92' lang='lat' dir='ltr'>sit</span> <span class='ocrx_word' id='word_1_103' title='bbox 780 1342 955 1419; x_wconf 84' lang='lat' dir='ltr'>institutus,</span> <span class='ocrx_word' id='word_1_104' title='bbox 975 1343 1101 1404; x_wconf 91' lang='lat' dir='ltr'>omnino</span> <span class='ocrx_word' id='word_1_105' title='bbox 1116 1361 1177 1403; x_wconf 90' lang='lat' dir='ltr'>non</span> 
     </span>
     <span class='ocr_line' id='line_1_13' title="bbox 35 1424 1177 1508; baseline 0.004 -25"><span class='ocrx_word' id='word_1_106' title='bbox 35 1424 70 1483; x_wconf 80' lang='lat' dir='ltr'>ts</span> <span class='ocrx_word' id='word_1_107' title='bbox 90 1426 235 1488; x_wconf 90' lang='lat' dir='ltr'>consistit</span> <span class='ocrx_word' id='word_1_108' title='bbox 250 1427 415 1490; x_wconf 91' lang='lat' dir='ltr'>institutio.</span> <span class='ocrx_word' id='word_1_109' title='bbox 440 1425 573 1488; x_wconf 84' lang='lat' dir='ltr'>Alienus</span> <span class='ocrx_word' id='word_1_110' title='bbox 589 1445 704 1488; x_wconf 89' lang='lat' dir='ltr'>seruus</span> <span class='ocrx_word' id='word_1_111' title='bbox 718 1429 812 1489; x_wconf 85' lang='lat' dir='ltr'>heres</span> <span class='ocrx_word' id='word_1_112' title='bbox 827 1429 992 1489; x_wconf 90' lang='lat' dir='ltr'>institutus</span> <span class='ocrx_word' id='word_1_113' title='bbox 1007 1429 1034 1490; x_wconf 91' lang='lat' dir='ltr'>si</span> <span class='ocrx_word' id='word_1_114' title='bbox 1050 1427 1177 1508; x_wconf 91' lang='lat' dir='ltr'>quidem</span> 
     </span>
     <span class='ocr_line' id='line_1_14' title="bbox 7 1513 1178 1593; baseline 0.005 -25"><span class='ocrx_word' id='word_1_115' title='bbox 7 1523 8 1568; x_wconf 86' lang='lat'>1</span> <span class='ocrx_word' id='word_1_116' title='bbox 91 1515 124 1574; x_wconf 92' lang='lat' dir='ltr'>in</span> <span class='ocrx_word' id='word_1_117' title='bbox 148 1531 185 1574; x_wconf 90' lang='lat' dir='ltr'>ea</span> <span class='ocrx_word' id='word_1_118' title='bbox 214 1531 309 1573; x_wconf 88' lang='lat' dir='ltr'>causa</span> <span class='ocrx_word' id='word_1_119' title='bbox 331 1514 558 1593; x_wconf 86' lang='lat' dir='ltr'>permanserit,</span> <span class='ocrx_word' id='word_1_120' title='bbox 585 1515 675 1574; x_wconf 89' lang='lat' dir='ltr'>iussu</span> <span class='ocrx_word' id='word_1_121' title='bbox 704 1513 824 1574; x_wconf 88' lang='lat' dir='ltr'>domini</span> <span class='ocrx_word' id='word_1_122' title='bbox 846 1513 942 1576; x_wconf 90' lang='lat' dir='ltr'>debet</span> <span class='ocrx_word' id='word_1_123' title='bbox 970 1514 1178 1588; x_wconf 69' lang='lat' dir='ltr'>hereditatem</span> 
     </span>
     <span class='ocr_line' id='line_1_15' title="bbox 7 1597 1178 1677; baseline 0.001 -17"><span class='ocrx_word' id='word_1_124' title='bbox 7 1623 8 1626; x_wconf 42' lang='lat'>¹</span> <span class='ocrx_word' id='word_1_125' title='bbox 90 1598 193 1660; x_wconf 89' lang='lat' dir='ltr'>adire.</span> <span class='ocrx_word' id='word_1_126' title='bbox 237 1597 322 1677; x_wconf 90' lang='lat' dir='ltr'>quod</span> <span class='ocrx_word' id='word_1_127' title='bbox 346 1601 373 1660; x_wconf 93' lang='lat' dir='ltr'>si</span> <span class='ocrx_word' id='word_1_128' title='bbox 395 1601 470 1660; x_wconf 93' lang='lat' dir='ltr'>uiuo</span> <span class='ocrx_word' id='word_1_129' title='bbox 499 1608 649 1660; x_wconf 89' lang='lat' dir='ltr'>testatore</span> <span class='ocrx_word' id='word_1_130' title='bbox 674 1600 885 1661; x_wconf 87' lang='lat' dir='ltr'>manumissus</span> <span class='ocrx_word' id='word_1_131' title='bbox 915 1610 969 1661; x_wconf 91' lang='lat' dir='ltr'>aut</span> <span class='ocrx_word' id='word_1_132' title='bbox 991 1601 1178 1669; x_wconf 81' lang='lat' dir='ltr'>alienatusa</span> 
     </span>
     <span class='ocr_line' id='line_1_16' title="bbox 92 1683 1229 1766; baseline -0.002 -20"><span class='ocrx_word' id='word_1_133' title='bbox 92 1685 220 1746; x_wconf 90' lang='lat' dir='ltr'>domiuo</span> <span class='ocrx_word' id='word_1_134' title='bbox 244 1683 356 1764; x_wconf 71' lang='lat' dir='ltr'>fauerit,</span> <span class='ocrx_word' id='word_1_135' title='bbox 383 1695 437 1746; x_wconf 90' lang='lat' dir='ltr'>aut</span> <span class='ocrx_word' id='word_1_136' title='bbox 459 1704 516 1746; x_wconf 93' lang='lat' dir='ltr'>suo</span> <span class='ocrx_word' id='word_1_137' title='bbox 538 1685 668 1746; x_wconf 85' lang='lat' dir='ltr'>arbitrio</span> <span class='ocrx_word' id='word_1_138' title='bbox 697 1697 751 1748; x_wconf 88' lang='lat' dir='ltr'>aut</span> <span class='ocrx_word' id='word_1_139' title='bbox 773 1687 862 1747; x_wconf 91' lang='lat' dir='ltr'>iussu</span> <span class='ocrx_word' id='word_1_140' title='bbox 892 1688 1043 1766; x_wconf 91' lang='lat' dir='ltr'>emptoris</span> <span class='ocrx_word' id='word_1_141' title='bbox 1066 1688 1179 1766; x_wconf 88' lang='lat' dir='ltr'>poterit</span> <span class='ocrx_word' id='word_1_142' title='bbox 1198 1699 1229 1745; x_wconf 84' lang='lat' dir='ltr'>to</span> 
     </span>
     <span class='ocr_line' id='line_1_17' title="bbox 90 1769 1149 1832; baseline -0.006 0"><span class='ocrx_word' id='word_1_143' title='bbox 90 1769 182 1832; x_wconf 87' lang='lat' dir='ltr'>adiro</span> <span class='ocrx_word' id='word_1_144' title='bbox 198 1769 419 1832; x_wconf 88' lang='lat' dir='ltr'>hereditatem.</span> <span class='ocrx_word' id='word_1_145' title='bbox 1146 1822 1149 1826; x_wconf 87' lang='lat'>.</span> 
     </span>
     <span class='ocr_line' id='line_1_18' title="bbox 35 1855 1178 1920; baseline 0 -2"><span class='ocrx_word' id='word_1_146' title='bbox 35 1859 70 1920; x_wconf 84' lang='grc'>44</span> <span class='ocrx_word' id='word_1_147' title='bbox 179 1858 237 1918; x_wconf 90' lang='lat' dir='ltr'>Sui</span> <span class='ocrx_word' id='word_1_148' title='bbox 252 1856 389 1918; x_wconf 89' lang='lat' dir='ltr'>heredes</span> <span class='ocrx_word' id='word_1_149' title='bbox 403 1858 590 1919; x_wconf 89' lang='lat' dir='ltr'>instituendi</span> <span class='ocrx_word' id='word_1_150' title='bbox 606 1867 680 1918; x_wconf 92' lang='lat' dir='ltr'>sunt</span> <span class='ocrx_word' id='word_1_151' title='bbox 692 1859 744 1918; x_wconf 88' lang='lat' dir='ltr'>uel</span> <span class='ocrx_word' id='word_1_152' title='bbox 757 1855 983 1919; x_wconf 86' lang='lat' dir='ltr'>exheredandi.</span> <span class='ocrx_word' id='word_1_153' title='bbox 1009 1858 1057 1918; x_wconf 93' lang='lat' dir='ltr'>sui</span> <span class='ocrx_word' id='word_1_154' title='bbox 1074 1867 1178 1918; x_wconf 89' lang='lat' dir='ltr'>autem</span> 
     </span>
     <span class='ocr_line' id='line_1_19' title="bbox 7 1941 1180 2024; baseline -0.005 -14"><span class='ocrx_word' id='word_1_155' title='bbox 7 2005 8 2010; x_wconf 73' lang='grc'>,</span> <span class='ocrx_word' id='word_1_156' title='bbox 91 1942 230 2006; x_wconf 87' lang='lat' dir='ltr'>herodes</span> <span class='ocrx_word' id='word_1_157' title='bbox 251 1953 325 2004; x_wconf 90' lang='lat' dir='ltr'>sunt</span> <span class='ocrx_word' id='word_1_158' title='bbox 340 1943 450 2015; x_wconf 82' lang='lat' dir='ltr'>liberi,</span> <span class='ocrx_word' id='word_1_159' title='bbox 469 1961 548 2022; x_wconf 91' lang='lat' dir='ltr'>quos</span> <span class='ocrx_word' id='word_1_160' title='bbox 564 1946 597 2004; x_wconf 91' lang='lat' dir='ltr'>in</span> <span class='ocrx_word' id='word_1_161' title='bbox 619 1953 773 2024; x_wconf 90' lang='lat' dir='ltr'>potestate</span> <span class='ocrx_word' id='word_1_162' title='bbox 789 1941 952 2021; x_wconf 88' lang='lat' dir='ltr'>hahemus,</span> <span class='ocrx_word' id='word_1_163' title='bbox 970 1954 1033 2004; x_wconf 89' lang='lat' dir='ltr'>tam</span> <span class='ocrx_word' id='word_1_164' title='bbox 1050 1953 1180 2005; x_wconf 89' lang='lat' dir='ltr'>natura-</span> 
     </span>
     <span class='ocr_line' id='line_1_20' title="bbox 90 2029 1176 2110; baseline 0 -20"><span class='ocrx_word' id='word_1_165' title='bbox 90 2031 140 2090; x_wconf 87' lang='lat' dir='ltr'>les</span> <span class='ocrx_word' id='word_1_166' title='bbox 155 2047 252 2108; x_wconf 90' lang='lat' dir='ltr'>quam</span> <span class='ocrx_word' id='word_1_167' title='bbox 267 2029 426 2109; x_wconf 88' lang='lat' dir='ltr'>adoptiui:</span> <span class='ocrx_word' id='word_1_168' title='bbox 452 2032 526 2091; x_wconf 91' lang='lat' dir='ltr'>item</span> <span class='ocrx_word' id='word_1_169' title='bbox 543 2050 639 2108; x_wconf 80' lang='lat' dir='ltr'>uxor,</span> <span class='ocrx_word' id='word_1_170' title='bbox 664 2031 793 2110; x_wconf 89' lang='lat' dir='ltr'>quaein</span> <span class='ocrx_word' id='word_1_171' title='bbox 817 2048 911 2090; x_wconf 87' lang='lat' dir='ltr'>manu</span> <span class='ocrx_word' id='word_1_172' title='bbox 929 2041 991 2104; x_wconf 90' lang='lat' dir='ltr'>est,</span> <span class='ocrx_word' id='word_1_173' title='bbox 1018 2039 1050 2090; x_wconf 89' lang='lat' dir='ltr'>ct</span> <span class='ocrx_word' id='word_1_174' title='bbox 1066 2049 1176 2100; x_wconf 80' lang='lat' dir='ltr'>nurus,</span> 
     </span>
     <span class='ocr_line' id='line_1_21' title="bbox 35 2115 1281 2196; baseline -0.002 -20"><span class='ocrx_word' id='word_1_175' title='bbox 35 2118 71 2177; x_wconf 83' lang='grc'>45</span> <span class='ocrx_word' id='word_1_176' title='bbox 92 2134 176 2196; x_wconf 90' lang='lat' dir='ltr'>quae</span> <span class='ocrx_word' id='word_1_177' title='bbox 193 2117 227 2176; x_wconf 89' lang='lat' dir='ltr'>in</span> <span class='ocrx_word' id='word_1_178' title='bbox 243 2134 339 2177; x_wconf 90' lang='lat' dir='ltr'>manu</span> <span class='ocrx_word' id='word_1_179' title='bbox 359 2117 489 2193; x_wconf 72' lang='lat' dir='ltr'>asstitit,</span> <span class='ocrx_word' id='word_1_180' title='bbox 508 2119 650 2195; x_wconf 89' lang='lat' dir='ltr'>quemin</span> <span class='ocrx_word' id='word_1_181' title='bbox 673 2125 826 2196; x_wconf 89' lang='lat' dir='ltr'>potestate</span> <span class='ocrx_word' id='word_1_182' title='bbox 844 2115 1008 2178; x_wconf 82' lang='lat' dir='ltr'>habemus</span> <span class='ocrx_word' id='word_1_183' title='bbox 1042 2117 1230 2177; x_wconf 77' lang='lat' dir='ltr'>Postumiae</span> <span class='ocrx_word' id='word_1_184' title='bbox 1278 2131 1281 2136; x_wconf 90' lang='lat'>·</span> 
     </span>
     <span class='ocr_line' id='line_1_22' title="bbox 7 2188 1179 2296; baseline -0.002 -32"><span class='ocrx_word' id='word_1_185' title='bbox 7 2207 9 2296; x_wconf 53' lang='grc' dir='ltr'>ᾗ</span> <span class='ocrx_word' id='word_1_186' title='bbox 92 2220 221 2282; x_wconf 91' lang='lat' dir='ltr'>quoque</span> <span class='ocrx_word' id='word_1_187' title='bbox 237 2200 348 2281; x_wconf 86' lang='lat' dir='ltr'>liberi,</span> <span class='ocrx_word' id='word_1_188' title='bbox 370 2200 465 2288; x_wconf 88' lang='lat' dir='ltr'>idest</span> <span class='ocrx_word' id='word_1_189' title='bbox 481 2204 585 2281; x_wconf 89' lang='lat' dir='ltr'>quiin</span> <span class='ocrx_word' id='word_1_190' title='bbox 601 2211 693 2264; x_wconf 89' lang='lat' dir='ltr'>utero</span> <span class='ocrx_word' id='word_1_191' title='bbox 709 2188 798 2278; x_wconf 75' lang='lat' dir='ltr'>sunt,</span> <span class='ocrx_word' id='word_1_192' title='bbox 818 2202 844 2262; x_wconf 91' lang='lat' dir='ltr'>si</span> <span class='ocrx_word' id='word_1_193' title='bbox 860 2203 937 2264; x_wconf 91' lang='lat' dir='ltr'>tales</span> <span class='ocrx_word' id='word_1_194' title='bbox 953 2211 1043 2278; x_wconf 88' lang='lat' dir='ltr'>sunt,</span> <span class='ocrx_word' id='word_1_195' title='bbox 1063 2211 1099 2264; x_wconf 91' lang='lat' dir='ltr'>ut</span> <span class='ocrx_word' id='word_1_196' title='bbox 1113 2205 1179 2262; x_wconf 92' lang='lat' dir='ltr'>nati</span> 
     </span>
     <span class='ocr_line' id='line_1_23' title="bbox 7 2287 1177 2368; baseline 0 -20"><span class='ocrx_word' id='word_1_197' title='bbox 7 2305 9 2358; x_wconf 56' lang='grc' dir='ltr'><em>ξ</em></span> <span class='ocrx_word' id='word_1_198' title='bbox 93 2289 126 2348; x_wconf 93' lang='lat' dir='ltr'>in</span> <span class='ocrx_word' id='word_1_199' title='bbox 142 2297 299 2368; x_wconf 88' lang='lat' dir='ltr'>potestate</span> <span class='ocrx_word' id='word_1_200' title='bbox 311 2296 415 2349; x_wconf 86' lang='lat' dir='ltr'>nostra</span> <span class='ocrx_word' id='word_1_201' title='bbox 430 2289 528 2349; x_wconf 83' lang='lat' dir='ltr'>futuri</span> <span class='ocrx_word' id='word_1_202' title='bbox 546 2291 619 2366; x_wconf 88' lang='lat' dir='ltr'>sint,</span> <span class='ocrx_word' id='word_1_203' title='bbox 639 2307 769 2350; x_wconf 91' lang='lat' dir='ltr'>suorum</span> <span class='ocrx_word' id='word_1_204' title='bbox 782 2287 933 2349; x_wconf 90' lang='lat' dir='ltr'>heredum</span> <span class='ocrx_word' id='word_1_205' title='bbox 945 2306 1076 2349; x_wconf 90' lang='lat' dir='ltr'>numero</span> <span class='ocrx_word' id='word_1_206' title='bbox 1092 2298 1177 2350; x_wconf 86' lang='lat' dir='ltr'>sunt.</span> 
     </span>
     <span class='ocr_line' id='line_1_24' title="bbox 7 2373 1180 2454; baseline -0.001 -19"><span class='ocrx_word' id='word_1_207' title='bbox 7 2377 8 2382; x_wconf 75' lang='grc'>’</span> <span class='ocrx_word' id='word_1_208' title='bbox 36 2376 72 2436; x_wconf 85' lang='grc'>46</span> <span class='ocrx_word' id='word_1_209' title='bbox 94 2375 141 2436; x_wconf 83' lang='lat' dir='ltr'>Ex</span> <span class='ocrx_word' id='word_1_210' title='bbox 152 2375 221 2436; x_wconf 91' lang='lat' dir='ltr'>suis</span> <span class='ocrx_word' id='word_1_211' title='bbox 238 2373 412 2436; x_wconf 89' lang='lat' dir='ltr'>heredibus</span> <span class='ocrx_word' id='word_1_212' title='bbox 424 2374 508 2435; x_wconf 88' lang='lat' dir='ltr'>filius</span> <span class='ocrx_word' id='word_1_213' title='bbox 524 2374 654 2454; x_wconf 90' lang='lat' dir='ltr'>quidem</span> <span class='ocrx_word' id='word_1_214' title='bbox 668 2392 774 2453; x_wconf 89' lang='lat' dir='ltr'>neque</span> <span class='ocrx_word' id='word_1_215' title='bbox 790 2375 884 2434; x_wconf 85' lang='lat' dir='ltr'>heres</span> <span class='ocrx_word' id='word_1_216' title='bbox 897 2375 1060 2436; x_wconf 89' lang='lat' dir='ltr'>institutus</span> <span class='ocrx_word' id='word_1_217' title='bbox 1073 2393 1180 2454; x_wconf 86' lang='lat' dir='ltr'>neque</span> 
     </span>
     <span class='ocr_line' id='line_1_25' title="bbox 36 2459 1181 2540; baseline 0 -18"><span class='ocrx_word' id='word_1_218' title='bbox 36 2463 73 2522; x_wconf 85' lang='grc'>47</span> <span class='ocrx_word' id='word_1_219' title='bbox 93 2461 279 2522; x_wconf 88' lang='lat' dir='ltr'>nominatim</span> <span class='ocrx_word' id='word_1_220' title='bbox 295 2460 506 2522; x_wconf 85' lang='lat' dir='ltr'>exheredatus</span> <span class='ocrx_word' id='word_1_221' title='bbox 522 2480 583 2521; x_wconf 90' lang='lat' dir='ltr'>non</span> <span class='ocrx_word' id='word_1_222' title='bbox 599 2461 720 2540; x_wconf 86' lang='lat' dir='ltr'>patitur</span> <span class='ocrx_word' id='word_1_223' title='bbox 734 2460 841 2521; x_wconf 91' lang='lat' dir='ltr'>ualere</span> <span class='ocrx_word' id='word_1_224' title='bbox 858 2459 1092 2522; x_wconf 76' lang='lat' dir='ltr'>testamentum,</span> <span class='ocrx_word' id='word_1_225' title='bbox 1119 2462 1181 2522; x_wconf 88' lang='lat' dir='ltr'>Re-</span> 
     </span>
     <span class='ocr_line' id='line_1_26' title="bbox 92 2545 1230 2626; baseline -0.005 -19"><span class='ocrx_word' id='word_1_226' title='bbox 92 2547 199 2626; x_wconf 93' lang='lat' dir='ltr'>liquae</span> <span class='ocrx_word' id='word_1_227' title='bbox 222 2565 299 2608; x_wconf 87' lang='lat' dir='ltr'>uero</span> <span class='ocrx_word' id='word_1_228' title='bbox 320 2564 474 2626; x_wconf 89' lang='lat' dir='ltr'>personae</span> <span class='ocrx_word' id='word_1_229' title='bbox 496 2546 684 2624; x_wconf 86' lang='lat' dir='ltr'>liberorum,</span> <span class='ocrx_word' id='word_1_230' title='bbox 702 2546 791 2608; x_wconf 90' lang='lat' dir='ltr'>uelut</span> <span class='ocrx_word' id='word_1_231' title='bbox 807 2545 869 2608; x_wconf 91' lang='lat' dir='ltr'>filia</span> <span class='ocrx_word' id='word_1_232' title='bbox 892 2565 991 2626; x_wconf 89' lang='lat' dir='ltr'>nepos</span> <span class='ocrx_word' id='word_1_233' title='bbox 1006 2549 1127 2626; x_wconf 88' lang='lat' dir='ltr'>neptis,</span> <span class='ocrx_word' id='word_1_234' title='bbox 1153 2549 1179 2607; x_wconf 88' lang='lat' dir='ltr'>si</span> <span class='ocrx_word' id='word_1_235' title='bbox 1200 2557 1230 2602; x_wconf 75' lang='lat' dir='ltr'>ss</span> 
     </span>
     <span class='ocr_line' id='line_1_27' title="bbox 7 2630 1181 2714; baseline -0.002 -20"><span class='ocrx_word' id='word_1_236' title='bbox 7 2637 8 2640; x_wconf 74' lang='grc'>’</span> <span class='ocrx_word' id='word_1_237' title='bbox 93 2633 284 2714; x_wconf 88' lang='lat' dir='ltr'>praeteritae</span> <span class='ocrx_word' id='word_1_238' title='bbox 307 2634 385 2708; x_wconf 84' lang='lat' dir='ltr'>sint,</span> <span class='ocrx_word' id='word_1_239' title='bbox 411 2635 498 2694; x_wconf 90' lang='lat' dir='ltr'>ualet</span> <span class='ocrx_word' id='word_1_240' title='bbox 519 2642 760 2710; x_wconf 87' lang='lat' dir='ltr'>testamentum,</span> <span class='ocrx_word' id='word_1_241' title='bbox 786 2633 839 2693; x_wconf 85' lang='lat' dir='ltr'>sed</span> <span class='ocrx_word' id='word_1_242' title='bbox 859 2634 987 2712; x_wconf 90' lang='lat' dir='ltr'>scriptis</span> <span class='ocrx_word' id='word_1_243' title='bbox 1007 2630 1181 2693; x_wconf 90' lang='lat' dir='ltr'>heredibus</span> 
     </span>
     <span class='ocr_line' id='line_1_28' title="bbox 7 2717 1182 2798; baseline 0 -20"><span class='ocrx_word' id='word_1_244' title='bbox 7 2769 8 2778; x_wconf 42' lang='lat'>2</span> <span class='ocrx_word' id='word_1_245' title='bbox 93 2718 300 2796; x_wconf 86' lang='lat' dir='ltr'>adcrescunt,</span> <span class='ocrx_word' id='word_1_246' title='bbox 326 2721 392 2781; x_wconf 90' lang='lat' dir='ltr'>suis</span> <span class='ocrx_word' id='word_1_247' title='bbox 415 2718 545 2798; x_wconf 92' lang='lat' dir='ltr'>quidem</span> <span class='ocrx_word' id='word_1_248' title='bbox 566 2717 740 2782; x_wconf 88' lang='lat' dir='ltr'>heredibus</span> <span class='ocrx_word' id='word_1_249' title='bbox 764 2720 796 2779; x_wconf 89' lang='lat' dir='ltr'>in</span> <span class='ocrx_word' id='word_1_250' title='bbox 812 2729 934 2798; x_wconf 88' lang='lat' dir='ltr'>partem</span> <span class='ocrx_word' id='word_1_251' title='bbox 955 2720 1099 2790; x_wconf 82' lang='lat' dir='ltr'>uirilem,</span> <span class='ocrx_word' id='word_1_252' title='bbox 1124 2737 1182 2780; x_wconf 86' lang='lat' dir='ltr'>ex·</span> 
     </span>
     <span class='ocr_line' id='line_1_29' title="bbox 37 2803 1180 2885; baseline -0.002 -19"><span class='ocrx_word' id='word_1_253' title='bbox 37 2808 74 2866; x_wconf 89' lang='grc'>48</span> <span class='ocrx_word' id='word_1_254' title='bbox 94 2806 216 2866; x_wconf 87' lang='lat' dir='ltr'>traneis</span> <span class='ocrx_word' id='word_1_255' title='bbox 238 2814 344 2866; x_wconf 87' lang='lat' dir='ltr'>autem</span> <span class='ocrx_word' id='word_1_256' title='bbox 367 2806 400 2866; x_wconf 89' lang='lat' dir='ltr'>in</span> <span class='ocrx_word' id='word_1_257' title='bbox 422 2815 544 2885; x_wconf 90' lang='lat' dir='ltr'>partem</span> <span class='ocrx_word' id='word_1_258' title='bbox 562 2803 738 2866; x_wconf 89' lang='lat' dir='ltr'>dimidiam.</span> <span class='ocrx_word' id='word_1_259' title='bbox 779 2806 917 2865; x_wconf 91' lang='lat' dir='ltr'>Postumi</span> <span class='ocrx_word' id='word_1_260' title='bbox 938 2822 1065 2884; x_wconf 89' lang='lat' dir='ltr'>quoquc</span> <span class='ocrx_word' id='word_1_261' title='bbox 1088 2803 1180 2864; x_wconf 92' lang='lat' dir='ltr'>liberi</span> 
     </span>
     <span class='ocr_line' id='line_1_30' title="bbox 7 2890 1182 2970; baseline 0.001 -22"><span class='ocrx_word' id='word_1_262' title='bbox 7 2901 9 2948; x_wconf 72' lang='lat' dir='ltr'><strong>J</strong></span> <span class='ocrx_word' id='word_1_263' title='bbox 94 2892 325 2970; x_wconf 87' lang='lat' dir='ltr'>cuiuscumque</span> <span class='ocrx_word' id='word_1_264' title='bbox 346 2910 442 2953; x_wconf 82' lang='lat' dir='ltr'>sexus</span> <span class='ocrx_word' id='word_1_265' title='bbox 458 2893 581 2969; x_wconf 77' lang='lat' dir='ltr'>omissi,</span> <span class='ocrx_word' id='word_1_266' title='bbox 607 2890 692 2970; x_wconf 93' lang='lat' dir='ltr'>quod</span> <span class='ocrx_word' id='word_1_267' title='bbox 706 2893 808 2953; x_wconf 91' lang='lat' dir='ltr'>ualuit</span> <span class='ocrx_word' id='word_1_268' title='bbox 823 2897 1064 2966; x_wconf 88' lang='lat' dir='ltr'>testamentum,</span> <span class='ocrx_word' id='word_1_269' title='bbox 1084 2908 1182 2969; x_wconf 78' lang='lat' dir='ltr'>agno-</span> 
     </span>
     <span class='ocr_line' id='line_1_31' title="bbox 7 2974 1231 3058; baseline -0.007 -20"><span class='ocrx_word' id='word_1_270' title='bbox 7 2979 8 3030; x_wconf 69' lang='lat'>3</span> <span class='ocrx_word' id='word_1_271' title='bbox 38 2979 74 3039; x_wconf 82' lang='grc'>49</span> <span class='ocrx_word' id='word_1_272' title='bbox 95 2979 179 3038; x_wconf 89' lang='lat' dir='ltr'>tione</span> <span class='ocrx_word' id='word_1_273' title='bbox 197 2985 359 3057; x_wconf 87' lang='lat' dir='ltr'>rumpunt.</span> <span class='ocrx_word' id='word_1_274' title='bbox 400 2979 460 3038; x_wconf 88' lang='lat' dir='ltr'>Eos</span> <span class='ocrx_word' id='word_1_275' title='bbox 483 2979 539 3058; x_wconf 92' lang='lat' dir='ltr'>qui</span> <span class='ocrx_word' id='word_1_276' title='bbox 561 2979 595 3038; x_wconf 90' lang='lat' dir='ltr'>in</span> <span class='ocrx_word' id='word_1_277' title='bbox 618 2986 709 3039; x_wconf 89' lang='lat' dir='ltr'>utero</span> <span class='ocrx_word' id='word_1_278' title='bbox 731 2987 823 3051; x_wconf 86' lang='lat' dir='ltr'>suut,</span> <span class='ocrx_word' id='word_1_279' title='bbox 850 2976 876 3035; x_wconf 89' lang='lat' dir='ltr'>si</span> <span class='ocrx_word' id='word_1_280' title='bbox 893 2977 960 3036; x_wconf 90' lang='lat' dir='ltr'>nati</span> <span class='ocrx_word' id='word_1_281' title='bbox 975 2976 1026 3036; x_wconf 92' lang='lat' dir='ltr'>sui</span> <span class='ocrx_word' id='word_1_282' title='bbox 1047 2974 1181 3036; x_wconf 88' lang='lat' dir='ltr'>heredes</span> <span class='ocrx_word' id='word_1_283' title='bbox 1200 2986 1231 3030; x_wconf 83' lang='grc'>44</span> 
     </span>
     <span class='ocr_line' id='line_1_32' title="bbox 7 3053 1180 3144; baseline -0.003 -20"><span class='ocrx_word' id='word_1_284' title='bbox 7 3053 9 3070; x_wconf 74' lang='grc'>’</span> <span class='ocrx_word' id='word_1_285' title='bbox 94 3063 187 3124; x_wconf 90' lang='lat' dir='ltr'>nohis</span> <span class='ocrx_word' id='word_1_286' title='bbox 208 3063 307 3124; x_wconf 86' lang='lat' dir='ltr'>futuri</span> <span class='ocrx_word' id='word_1_287' title='bbox 323 3073 417 3141; x_wconf 79' lang='lat' dir='ltr'>sunt,</span> <span class='ocrx_word' id='word_1_288' title='bbox 441 3081 608 3144; x_wconf 88' lang='lat' dir='ltr'>possumus</span> <span class='ocrx_word' id='word_1_289' title='bbox 632 3065 799 3125; x_wconf 90' lang='lat' dir='ltr'>instituere</span> <span class='ocrx_word' id='word_1_290' title='bbox 821 3061 972 3140; x_wconf 87' lang='lat' dir='ltr'>heredes,</span> <span class='ocrx_word' id='word_1_291' title='bbox 1001 3063 1027 3122; x_wconf 93' lang='lat' dir='ltr'>si</span> <span class='ocrx_word' id='word_1_292' title='bbox 1051 3060 1180 3141; x_wconf 91' lang='lat' dir='ltr'>quidem</span> 
     </span>
     <span class='ocr_line' id='line_1_33' title="bbox 94 3149 1183 3229; baseline -0.002 -19"><span class='ocrx_word' id='word_1_293' title='bbox 94 3160 165 3229; x_wconf 87' lang='lat' dir='ltr'>post</span> <span class='ocrx_word' id='word_1_294' title='bbox 177 3158 310 3210; x_wconf 89' lang='lat' dir='ltr'>mortem</span> <span class='ocrx_word' id='word_1_295' title='bbox 327 3159 464 3212; x_wconf 91' lang='lat' dir='ltr'>nostram</span> <span class='ocrx_word' id='word_1_296' title='bbox 476 3160 657 3227; x_wconf 83' lang='lat' dir='ltr'>nascantur,</span> <span class='ocrx_word' id='word_1_297' title='bbox 677 3169 716 3210; x_wconf 85' lang='lat' dir='ltr'>ex</span> <span class='ocrx_word' id='word_1_298' title='bbox 732 3151 802 3210; x_wconf 91' lang='lat' dir='ltr'>iure</span> <span class='ocrx_word' id='word_1_299' title='bbox 814 3149 912 3225; x_wconf 88' lang='lat' dir='ltr'>ciuili,</span> <span class='ocrx_word' id='word_1_300' title='bbox 931 3149 958 3208; x_wconf 93' lang='lat' dir='ltr'>si</span> <span class='ocrx_word' id='word_1_301' title='bbox 974 3167 1050 3209; x_wconf 92' lang='lat' dir='ltr'>uero</span> <span class='ocrx_word' id='word_1_302' title='bbox 1065 3150 1183 3208; x_wconf 85' lang='lat' dir='ltr'>uiuen-</span> 
     </span>
     <span class='ocr_line' id='line_1_34' title="bbox 38 3235 1180 3317; baseline -0.003 -19"><span class='ocrx_word' id='word_1_303' title='bbox 38 3238 75 3298; x_wconf 73' lang='grc'>20</span> <span class='ocrx_word' id='word_1_304' title='bbox 95 3235 182 3298; x_wconf 85' lang='lat' dir='ltr'>tibus</span> <span class='ocrx_word' id='word_1_305' title='bbox 198 3235 301 3312; x_wconf 82' lang='lat' dir='ltr'>nobis,</span> <span class='ocrx_word' id='word_1_306' title='bbox 320 3236 445 3317; x_wconf 78' lang='lat' dir='ltr'>exlege</span> <span class='ocrx_word' id='word_1_307' title='bbox 460 3237 559 3298; x_wconf 82' lang='lat' dir='ltr'>lunia.</span> <span class='ocrx_word' id='word_1_308' title='bbox 599 3237 695 3296; x_wconf 88' lang='lat' dir='ltr'>Filius</span> <span class='ocrx_word' id='word_1_309' title='bbox 710 3236 764 3314; x_wconf 90' lang='lat' dir='ltr'>qui</span> <span class='ocrx_word' id='word_1_310' title='bbox 780 3236 814 3296; x_wconf 91' lang='lat' dir='ltr'>in</span> <span class='ocrx_word' id='word_1_311' title='bbox 829 3241 983 3313; x_wconf 87' lang='lat' dir='ltr'>potestate</span> <span class='ocrx_word' id='word_1_312' title='bbox 999 3245 1057 3313; x_wconf 88' lang='lat' dir='ltr'>cst,</span> <span class='ocrx_word' id='word_1_313' title='bbox 1076 3236 1103 3296; x_wconf 92' lang='lat' dir='ltr'>si</span> <span class='ocrx_word' id='word_1_314' title='bbox 1120 3253 1180 3295; x_wconf 91' lang='lat' dir='ltr'>non</span> 
     </span>
     <span class='ocr_line' id='line_1_35' title="bbox 7 3319 1182 3401; baseline -0.003 -19"><span class='ocrx_word' id='word_1_315' title='bbox 7 3375 8 3396; x_wconf 35' lang='lat'>2</span> <span class='ocrx_word' id='word_1_316' title='bbox 97 3323 281 3386; x_wconf 89' lang='lat' dir='ltr'>instituatur</span> <span class='ocrx_word' id='word_1_317' title='bbox 302 3322 410 3400; x_wconf 84' lang='lat' dir='ltr'>heres,</span> <span class='ocrx_word' id='word_1_318' title='bbox 436 3322 621 3383; x_wconf 89' lang='lat' dir='ltr'>nominatim</span> <span class='ocrx_word' id='word_1_319' title='bbox 644 3321 832 3383; x_wconf 84' lang='lat' dir='ltr'>exheredari</span> <span class='ocrx_word' id='word_1_320' title='bbox 854 3319 967 3382; x_wconf 89' lang='lat' dir='ltr'>debet:</span> <span class='ocrx_word' id='word_1_321' title='bbox 994 3322 1110 3401; x_wconf 89' lang='lat' dir='ltr'>reliqui</span> <span class='ocrx_word' id='word_1_322' title='bbox 1132 3322 1182 3382; x_wconf 93' lang='lat' dir='ltr'>sui</span> 
     </span>
     <span class='ocr_line' id='line_1_36' title="bbox 7 3406 1231 3488; baseline -0.008 -14"><span class='ocrx_word' id='word_1_323' title='bbox 7 3413 8 3474; x_wconf 71' lang='lat' dir='ltr'>J</span> <span class='ocrx_word' id='word_1_324' title='bbox 97 3406 232 3470; x_wconf 88' lang='lat' dir='ltr'>heredes</span> <span class='ocrx_word' id='word_1_325' title='bbox 257 3409 425 3488; x_wconf 89' lang='lat' dir='ltr'>utriusque</span> <span class='ocrx_word' id='word_1_326' title='bbox 447 3427 543 3470; x_wconf 85' lang='lat' dir='ltr'>sexus</span> <span class='ocrx_word' id='word_1_327' title='bbox 569 3418 623 3469; x_wconf 93' lang='lat' dir='ltr'>aut</span> <span class='ocrx_word' id='word_1_328' title='bbox 644 3408 829 3468; x_wconf 89' lang='lat' dir='ltr'>nominatim</span> <span class='ocrx_word' id='word_1_329' title='bbox 855 3416 910 3468; x_wconf 90' lang='lat' dir='ltr'>aut</span> <span class='ocrx_word' id='word_1_330' title='bbox 936 3407 1021 3468; x_wconf 90' lang='lat' dir='ltr'>inter</span> <span class='ocrx_word' id='word_1_331' title='bbox 1047 3417 1177 3468; x_wconf 89' lang='lat' dir='ltr'>eeteros.</span> <span class='ocrx_word' id='word_1_332' title='bbox 1201 3417 1231 3464; x_wconf 80' lang='lat' dir='ltr'>ss</span> 
     </span>
     <span class='ocr_line' id='line_1_37' title="bbox 7 3492 1181 3573; baseline -0.005 -15"><span class='ocrx_word' id='word_1_333' title='bbox 7 3513 8 3570; x_wconf 59' lang='grc' dir='ltr'>ξ</span> <span class='ocrx_word' id='word_1_334' title='bbox 38 3495 72 3558; x_wconf 76' lang='lat' dir='ltr'>rt</span> <span class='ocrx_word' id='word_1_335' title='bbox 98 3495 263 3556; x_wconf 88' lang='lat' dir='ltr'>Postumus</span> <span class='ocrx_word' id='word_1_336' title='bbox 285 3493 369 3555; x_wconf 90' lang='lat' dir='ltr'>filius</span> <span class='ocrx_word' id='word_1_337' title='bbox 390 3495 575 3556; x_wconf 90' lang='lat' dir='ltr'>nominatim</span> <span class='ocrx_word' id='word_1_338' title='bbox 598 3492 840 3556; x_wconf 86' lang='lat' dir='ltr'>exheredandus</span> <span class='ocrx_word' id='word_1_339' title='bbox 862 3502 927 3554; x_wconf 90' lang='lat' dir='ltr'>est:</span> <span class='ocrx_word' id='word_1_340' title='bbox 951 3492 1016 3554; x_wconf 91' lang='lat' dir='ltr'>filia</span> <span class='ocrx_word' id='word_1_341' title='bbox 1037 3502 1181 3573; x_wconf 90' lang='lat' dir='ltr'>postuma</span> 
     </span>
     <span class='ocr_line' id='line_1_38' title="bbox 97 3579 1182 3660; baseline -0.002 -20.153"><span class='ocrx_word' id='word_1_342' title='bbox 97 3589 288 3660; x_wconf 83' lang='lat' dir='ltr'>ceteraeque</span> <span class='ocrx_word' id='word_1_343' title='bbox 311 3591 474 3660; x_wconf 85' lang='lat' dir='ltr'>postumae</span> <span class='ocrx_word' id='word_1_344' title='bbox 497 3579 631 3640; x_wconf 76' lang='lat' dir='ltr'>feminae</span> <span class='ocrx_word' id='word_1_345' title='bbox 647 3580 699 3641; x_wconf 89' lang='lat' dir='ltr'>uel</span> <span class='ocrx_word' id='word_1_346' title='bbox 721 3579 907 3640; x_wconf 91' lang='lat' dir='ltr'>nominatim</span> <span class='ocrx_word' id='word_1_347' title='bbox 923 3579 975 3640; x_wconf 93' lang='lat' dir='ltr'>uel</span> <span class='ocrx_word' id='word_1_348' title='bbox 997 3580 1081 3640; x_wconf 89' lang='lat' dir='ltr'>inter</span> <span class='ocrx_word' id='word_1_349' title='bbox 1095 3588 1182 3638; x_wconf 91' lang='lat' dir='ltr'>cete-</span> 
     </span>
    </p>
   </div>
   <div class='ocr_carea' id='block_1_3' title="bbox 98 3765 1180 3782">
    <p class='ocr_par' dir='ltr' id='par_1_3' title="bbox 98 3765 1180 3782">
     <span class='ocr_line' id='line_1_39' title="bbox 98 3765 1180 3782; baseline -0.008 0"><span class='ocrx_word' id='word_1_350' title='bbox 98 3767 408 3782; x_wconf 55' lang='lat' dir='ltr'>vvwsrsmmvxoevvxmm</span> <span class='ocrx_word' id='word_1_351' title='bbox 418 3770 502 3780; x_wconf 58' lang='lat' dir='ltr'>snrrxwx</span> <span class='ocrx_word' id='word_1_352' title='bbox 538 3771 557 3779; x_wconf 67' lang='lat' dir='ltr'>tr</span> <span class='ocrx_word' id='word_1_353' title='bbox 585 3770 597 3780; x_wconf 75' lang='grc' dir='ltr'>Λ</span> <span class='ocrx_word' id='word_1_354' title='bbox 607 3770 659 3778; x_wconf 61' lang='lat' dir='ltr'>mfxfx</span> <span class='ocrx_word' id='word_1_355' title='bbox 671 3771 676 3778; x_wconf 70' lang='lat' dir='ltr'>x</span> <span class='ocrx_word' id='word_1_356' title='bbox 695 3771 699 3778; x_wconf 63' lang='lat' dir='ltr'><em>l</em></span> <span class='ocrx_word' id='word_1_357' title='bbox 727 3771 731 3778; x_wconf 67' lang='lat' dir='ltr'><em>s</em></span> <span class='ocrx_word' id='word_1_358' title='bbox 774 3768 889 3778; x_wconf 67' lang='grc' dir='ltr'>ιυιΛΛΛΛΛ)</span> <span class='ocrx_word' id='word_1_359' title='bbox 900 3768 906 3778; x_wconf 72' lang='lat' dir='ltr'><em>t</em></span> <span class='ocrx_word' id='word_1_360' title='bbox 931 3769 952 3778; x_wconf 60' lang='lat'>11«</span> <span class='ocrx_word' id='word_1_361' title='bbox 964 3767 993 3778; x_wconf 60' lang='lat' dir='ltr'>(arx</span> <span class='ocrx_word' id='word_1_362' title='bbox 1000 3766 1164 3778; x_wconf 50' lang='lat' dir='ltr'>autumat-mmm</span> <span class='ocrx_word' id='word_1_363' title='bbox 1174 3765 1180 3774; x_wconf 62' lang='lat' dir='ltr'>x</span> 
     </span>
    </p>
   </div>
   <div class='ocr_carea' id='block_1_4' title="bbox 7 3901 1182 4179">
    <p class='ocr_par' dir='ltr' id='par_1_4' title="bbox 167 3901 1180 3972">
     <span class='ocr_line' id='line_1_40' title="bbox 167 3901 1180 3972; baseline -0.008 -14"><span class='ocrx_word' id='word_1_364' title='bbox 167 3913 177 3958; x_wconf 89' lang='lat' dir='ltr'>t</span> <span class='ocrx_word' id='word_1_365' title='bbox 199 3907 367 3958; x_wconf 84' lang='lat' dir='ltr'>latinitateC</span> <span class='ocrx_word' id='word_1_366' title='bbox 394 3904 404 3972; x_wconf 81' lang='grc' dir='ltr'>ΙΙ</span> <span class='ocrx_word' id='word_1_367' title='bbox 434 3907 665 3969; x_wconf 68' lang='lat' dir='ltr'>tantumdem,</span> <span class='ocrx_word' id='word_1_368' title='bbox 681 3905 806 3956; x_wconf 81' lang='lat' dir='ltr'>temonC</span> <span class='ocrx_word' id='word_1_369' title='bbox 830 3902 840 3971; x_wconf 78' lang='grc'>14</span> <span class='ocrx_word' id='word_1_370' title='bbox 866 3903 1005 3954; x_wconf 76' lang='lat' dir='ltr'>dominic</span> <span class='ocrx_word' id='word_1_371' title='bbox 1030 3902 1032 3965; x_wconf 73' lang='grc' dir='ltr'><strong>ἱ</strong></span> <span class='ocrx_word' id='word_1_372' title='bbox 1064 3901 1180 3952; x_wconf 83' lang='lat' dir='ltr'>lectione</span> 
     </span>
    </p>

    <p class='ocr_par' dir='ltr' id='par_1_5' title="bbox 101 3968 1182 4044">
     <span class='ocr_line' id='line_1_41' title="bbox 101 3968 1182 4044; baseline -0.006 -17"><span class='ocrx_word' id='word_1_373' title='bbox 101 3976 120 4027; x_wconf 82' lang='lat' dir='ltr'><strong><em>G</em></strong></span> <span class='ocrx_word' id='word_1_374' title='bbox 146 3975 157 4044; x_wconf 80' lang='grc' dir='ltr'>ΙΙ</span> <span class='ocrx_word' id='word_1_375' title='bbox 185 3981 331 4042; x_wconf 72' lang='grc'><strong>5444044444</strong></span> <span class='ocrx_word' id='word_1_376' title='bbox 348 3981 452 4041; x_wconf 85' lang='lat' dir='ltr'>partem</span> <span class='ocrx_word' id='word_1_377' title='bbox 471 3979 590 4026; x_wconf 83' lang='lat' dir='ltr'>nostram</span> <span class='ocrx_word' id='word_1_378' title='bbox 603 3975 720 4024; x_wconf 78' lang='lat' dir='ltr'>Huschke</span> <span class='ocrx_word' id='word_1_379' title='bbox 747 3970 758 4040; x_wconf 87' lang='grc' dir='ltr'>ΙΙ</span> <span class='ocrx_word' id='word_1_380' title='bbox 786 3977 819 4023; x_wconf 75' lang='lat'>22</span> <span class='ocrx_word' id='word_1_381' title='bbox 833 3971 1013 4024; x_wconf 85' lang='lat' dir='ltr'>numerumC</span> <span class='ocrx_word' id='word_1_382' title='bbox 1040 3968 1050 4037; x_wconf 86' lang='grc' dir='ltr'>ΙΙ</span> <span class='ocrx_word' id='word_1_383' title='bbox 1078 3973 1110 4020; x_wconf 83' lang='lat' dir='ltr'>at</span> <span class='ocrx_word' id='word_1_384' title='bbox 1130 3985 1182 4020; x_wconf 91' lang='lat' dir='ltr'>no-</span> 
     </span>
    </p>

    <p class='ocr_par' dir='ltr' id='par_1_6' title="bbox 7 4039 1182 4179">
     <span class='ocr_line' id='line_1_42' title="bbox 7 4039 1182 4111; baseline -0.008 -14"><span class='ocrx_word' id='word_1_385' title='bbox 7 4039 8 4080; x_wconf 80' lang='lat'>1</span> <span class='ocrx_word' id='word_1_386' title='bbox 99 4044 402 4111; x_wconf 81' lang='lat' dir='ltr'>minathuocxher.c</span> <span class='ocrx_word' id='word_1_387' title='bbox 435 4041 446 4110; x_wconf 86' lang='grc' dir='ltr'>ΙΙ</span> <span class='ocrx_word' id='word_1_388' title='bbox 481 4048 512 4094; x_wconf 73' lang='lat'>26</span> <span class='ocrx_word' id='word_1_389' title='bbox 532 4045 580 4094; x_wconf 85' lang='lat' dir='ltr'>sed</span> <span class='ocrx_word' id='word_1_390' title='bbox 596 4045 726 4102; x_wconf 79' lang='grc'><strong>0444444444,</strong></span> <span class='ocrx_word' id='word_1_391' title='bbox 741 4042 828 4094; x_wconf 74' lang='grc'><strong>44440</strong></span> <span class='ocrx_word' id='word_1_392' title='bbox 861 4040 871 4108; x_wconf 84' lang='grc'>11</span> <span class='ocrx_word' id='word_1_393' title='bbox 907 4041 1182 4104; x_wconf 67' lang='grc'><strong>494344444444444444-</strong></span> 
     </span>
     <span class='ocr_line' id='line_1_43' title="bbox 99 4111 917 4179; baseline -0.006 -13"><span class='ocrx_word' id='word_1_394' title='bbox 99 4115 235 4179; x_wconf 88' lang='lat' dir='ltr'>punturC</span> <span class='ocrx_word' id='word_1_395' title='bbox 263 4111 274 4179; x_wconf 88' lang='grc' dir='ltr'>ΙΙ</span> <span class='ocrx_word' id='word_1_396' title='bbox 304 4119 334 4164; x_wconf 78' lang='grc'>33</span> <span class='ocrx_word' id='word_1_397' title='bbox 354 4111 698 4177; x_wconf 73' lang='lat' dir='ltr'>iuniaSchultiap,iuliaC</span> <span class='ocrx_word' id='word_1_398' title='bbox 745 4147 746 4151; x_wconf 65' lang='lat'>,</span> <span class='ocrx_word' id='word_1_399' title='bbox 913 4133 917 4145; x_wconf 78' lang='lat'>=</span> 
     </span>
    </p>
   </div>
   <div class='ocr_carea' id='block_1_5' title="bbox 0 0 1479 4898">
    <p class='ocr_par' dir='ltr' id='par_1_7' title="bbox 0 0 1479 4898">
     <span class='ocr_line' id='line_1_44' title="bbox 0 0 1479 4898; baseline 0 0"><span class='ocrx_word' id='word_1_400' title='bbox 0 0 1479 4898; x_wconf 95' lang='lat' dir='ltr'> </span> 
     </span>
    </p>
   </div>
  </div>
 </body>
</html>
