2926 4888
251 293 416 354 14411111
643 327 729 340 ..-
773 293 813 356 88
858 324 945 340 ..-

251 483 375 562 integro
391 491 538 544 manente
554 479 637 544 fatus
652 481 693 544 ad
704 480 973 544 usufructuarium
990 483 1163 562 pertinent,
1181 481 1269 543 saluo
1285 499 1329 557 eo,

192 567 227 627 24
251 575 287 630 ut
308 566 467 648 quidquid
489 569 576 648 gregi
593 566 782 648 deperierit,
810 587 850 629 ex
866 565 984 630 fetibus
1007 567 1188 648 impleatur.
1235 567 1331 628 Areae

163 707 166 712 .
191 653 233 714 22
251 651 420 716 usufructu
434 654 533 735 legato
549 651 693 716 aedificia
709 655 741 714 in
758 671 795 714 ca
809 654 958 716 constitui
973 671 1035 714 uon
1051 663 1195 730 possunt.
1219 651 1332 714 Acces-

251 739 298 800 sio
312 737 353 800 ab
373 740 531 803 alluuionc
554 738 594 801 ad
611 738 818 802 fructuarium
834 737 985 819 fundum,
1011 740 1087 820 quia
1102 737 1224 801 fructus
1246 737 1333 801 fundi

251 843 312 886 uon
328 833 386 903 est,
406 843 469 888 uon
491 827 642 906 pertinet:
671 825 849 888 uenationis
865 845 942 887 uero
958 835 989 886 et
1013 826 1139 904 aucupii
1155 823 1280 886 reditus
1295 823 1333 885 ad
1350 837 1363 883 t

191 910 231 971 23
251 908 460 974 fructuarium
475 912 647 990 pertinent.
688 912 805 974 Seruus
820 930 926 992 neque
941 920 1091 991 torquere
1106 929 1211 990 neque
1226 910 1334 990 flagel-

250 996 290 1058 lis
304 996 437 1060 caedere
453 1016 558 1077 ncque
573 998 606 1058 in
623 1017 696 1059 eum
711 1015 819 1059 casum
832 995 911 1059 facto
926 1016 982 1058 suo
997 996 1174 1077 perducere
1186 995 1334 1058 usufruc-
1416 1007 1417 1010 ’

191 1083 230 1143 24
250 1083 372 1146 tuarius
395 1093 515 1164 potest,
545 1102 607 1163 quo
629 1082 804 1145 deteriores
823 1083 910 1144 fiant.
957 1085 1073 1145 Fructu
1094 1083 1196 1162 legato
1211 1083 1239 1142 si
1260 1101 1335 1145 usus

250 1187 313 1230 uon
334 1168 549 1248 adscribatur,
569 1171 673 1248 magis
689 1169 807 1249 placuit
822 1167 1055 1231 usumfructum
1075 1167 1181 1230 uideri
1196 1167 1335 1248 adscrip-

191 1253 231 1314 25
250 1264 328 1316 tum.
354 1253 477 1318 fructus
493 1256 576 1316 enim
592 1257 661 1316 sinc
677 1273 738 1316 usu
753 1273 825 1316 esse
841 1274 904 1316 non
919 1264 1062 1336 possunt.
1074 1279 1076 1287 ¹
1089 1256 1121 1316 si
1137 1255 1229 1316 alteri
1246 1273 1331 1332 usus,
1352 1266 1377 1312 44

251 1340 341 1401 alteri
365 1339 486 1403 fructus
500 1341 622 1420 legatus
637 1341 695 1418 sit,
721 1338 913 1404 fructuarius
929 1342 962 1402 in
977 1359 1039 1402 usu
1055 1342 1230 1417 concurrit,
1251 1339 1336 1420 quod

191 1426 284 1486 26111
310 1425 416 1488 fructu
437 1429 587 1489 usuarius
615 1425 719 1488 facere
741 1436 946 1507 conpotest.
994 1426 1191 1489 Coniunctim
1212 1424 1335 1488 duobus

250 1509 450 1574 ususfructus
479 1532 518 1575 no
540 1531 616 1574 troc
645 1514 766 1592 legatus
795 1513 894 1574 altero
921 1521 1043 1575 mortuo
1068 1511 1110 1573 ad
1137 1507 1276 1574 alterum
1304 1513 1335 1574 iu

191 1595 232 1657 27
250 1596 387 1659 solidum
403 1598 588 1680 pertinebit.
634 1596 806 1660 Vsufructu
821 1598 922 1678 legato
942 1597 981 1660 de
999 1596 1090 1661 modo
1104 1597 1217 1660 utendi
1233 1600 1335 1659 cautio

250 1701 267 1744 a
283 1682 454 1747 fructuario
466 1687 544 1747 solet
557 1686 725 1766 interponi,
745 1693 777 1746 ct
791 1683 862 1748 ideo
874 1682 1007 1764 perinde
1019 1686 1125 1746 omnia
1140 1703 1175 1746 se
1187 1703 1332 1761 usurum,
1354 1696 1379 1742 41
1435 1683 1436 1750 l

250 1770 327 1831 acsi
348 1771 485 1852 optimus
507 1781 598 1853 pater
619 1770 754 1833 familias
773 1781 935 1849 uteretur,
961 1769 1203 1832 fideiussoribus
1225 1769 1337 1832 oblatis
1436 1821 1437 1850 ,

177 1851 233 1914 27⁵
250 1874 364 1918 cauere
380 1858 513 1937 cogitur.
559 1854 717 1921 *Arbores
736 1857 771 1918 ui
786 1858 1001 1936 tempestatis,
1020 1875 1084 1919 ucu
1100 1857 1191 1936 culpa
1214 1853 1338 1918 fructu-

164 1933 232 2014 ill
249 1940 326 2004 *arii
343 1961 471 2004 euersas
488 1942 528 2004 ab
544 1962 580 2004 eo
596 1942 747 2004 substitui
762 1961 825 2003 uon
840 1942 954 2022 placet.
1001 1940 1165 2021 Quidquid
1187 1943 1220 2003 iu
1238 1940 1337 2004 fundo

249 2027 410 2090 *nascitur
429 2029 482 2090 uel
497 2029 655 2109 quidquid
670 2026 744 2090 inde
760 2029 954 2110 percipitur,
979 2027 1020 2090 ad
1036 2025 1245 2090 fructuarium
1262 2047 1338 2108 per·
1439 2055 1440 2062 ¹

249 2112 362 2174 *tinet:
392 2116 561 2194 pensiones
585 2133 710 2194 quoquc
733 2116 795 2176 iam
817 2124 909 2175 antea
932 2115 1101 2176 locatorum
1117 2126 1283 2193 agrorum,
1311 2116 1338 2174 si
1355 2125 1380 2170 to

250 2198 356 2278 *ipsae
372 2218 500 2280 quoquc
515 2201 696 2281 specialiter
714 2199 959 2277 comprehensae
975 2201 1048 2262 sint.
1096 2199 1154 2260 sed
1169 2198 1209 2276 ad
1227 2219 1337 2262 exem·
1440 2239 1442 2270 ,

250 2284 355 2365 *plum
379 2285 588 2364 uenditionis,
615 2287 676 2348 uisi
700 2285 819 2348 fuerint
839 2286 1018 2364 specialiter
1040 2294 1206 2365 exceptae,
1232 2295 1338 2366 potest
1441 2287 1442 2298 ‘

178 2370 234 2430 27⁰
252 2368 525 2435 *usufructuarius
546 2370 769 2434 conductorem
792 2372 960 2453 repellere.
1008 2371 1124 2434 Caesae
1147 2370 1336 2434 harundinis
1442 2383 1444 2446 3

250 2455 321 2518 *uel
335 2457 398 2536 pali
420 2458 657 2536 compendium,
682 2459 710 2519 si
732 2459 765 2520 iu
789 2477 825 2520 eo
847 2476 972 2537 quoque
996 2456 1086 2518 fundi
1109 2457 1244 2538 uectigal
1267 2477 1336 2520 esse

193 2542 233 2602 28
251 2541 451 2621 *consueuit,
476 2543 517 2605 ad
533 2543 742 2606 fructuarium
764 2543 935 2624 pertinet*
977 2541 1182 2605 Vsusfructus
1201 2544 1337 2606 amissus
1354 2555 1381 2600 tt
1443 2571 1444 2618 3

251 2627 290 2690 ad
312 2631 537 2710 proprietatem
558 2632 703 2692 recurrit.
748 2631 903 2691 amittitur
922 2638 1028 2691 autem
1051 2631 1194 2710 quinque
1215 2628 1334 2691 modis:

252 2716 364 2795 capitis
380 2716 564 2796 minutione,
585 2718 629 2778 rei
645 2716 886 2797 permutatione,
906 2735 970 2778 nou
985 2715 1115 2792 utendo,
1133 2717 1167 2776 iu
1184 2716 1252 2776 iure
1268 2734 1338 2776 ces-

193 2800 233 2860 29
252 2801 350 2881 sione,
370 2801 501 2864 dominii
517 2803 761 2883 comparatione.
802 2801 919 2882 Capitis
934 2802 1108 2864 minutione
1125 2801 1292 2879 amittitur,
1311 2802 1337 2862 si

253 2888 285 2948 in
308 2888 443 2950 insulam
466 2887 657 2952 fructuarius
680 2887 880 2968 deportetur,
907 2887 960 2950 uel
982 2888 1009 2948 si
1033 2907 1073 2949 cx
1102 2905 1197 2949 causa
1220 2886 1338 2948 mctalli

252 2992 364 3036 seruus
375 2993 496 3055 poenae
508 2974 673 3052 efficiatur,
692 2974 762 3035 etsi
778 2983 893 3036 statum
905 2993 945 3034 cx
960 2972 1161 3054 adrogatione
1174 2972 1226 3034 uel
1237 2971 1338 3053 adop·
1354 2981 1383 3028 to

193 3057 232 3116 30
252 3060 336 3120 tione
353 3062 533 3122 mutauerit.
580 3063 647 3122 Nou
668 3059 786 3124 utendo
807 3061 963 3120 amittitur
977 3059 1195 3128 ususfructus,
1220 3060 1249 3120 si
1264 3077 1338 3138 pos-

252 3146 390 3207 sessione
407 3144 497 3208 fundi
512 3147 642 3208 hiennio
659 3145 850 3207 fructuarius
865 3164 928 3206 uon
944 3155 1061 3221 utatur,
1080 3144 1133 3206 uel
1148 3145 1195 3205 rei
1211 3143 1337 3206 mobilis

193 3229 228 3289 at
251 3248 345 3291 anuo.
385 3232 441 3292 liei
464 3234 637 3294 mutatione
659 3231 816 3292 amittitur
830 3230 1045 3307 ususfructus,
1064 3233 1091 3308 si
1107 3229 1219 3292 domus
1235 3232 1338 3311 legata

253 3315 400 3377 incendio
422 3317 664 3398 conflagrauerit
685 3325 739 3378 aut
754 3317 846 3378 ruina
861 3318 1006 3396 perierit,
1030 3317 1103 3379 licet
1117 3325 1224 3396 postea
1242 3318 1337 3378 resti-

194 3400 234 3461 32
252 3410 370 3463 tuatur.
411 3403 445 3462 ln
460 3403 529 3464 iure
552 3405 694 3464 cessione
709 3403 865 3465 amittitur
879 3402 1096 3481 ususfructus,
1115 3402 1263 3482 quotiens
1279 3401 1337 3464 do·
1354 3411 1383 3456 ³⁵

253 3571 673 3598 QNJWVVMWWNNJ'MMNANWNAM
678 3573 766 3587 ΛΛᾺΛΛΙ
773 3575 817 3588 Ml*
821 3575 848 3587 IV*
853 3572 1231 3586 twvuvm‘vxssrvmnmxlvvvuwssnt
1238 3574 1249 3585 Π
1254 3573 1264 3586 Ι.
1270 3572 1280 3585 Λ
1286 3573 1320 3586 Ml
1329 3570 1335 3577 ”

323 3660 347 3718 4,
361 3659 489 3708 272-270
502 3677 534 3700 2
549 3657 607 3722 uta.
624 3661 648 3718 1,
665 3662 689 3720 4,
705 3662 735 3709 ao

255 3793 992 3808 mmmmmaoemwvwvvvvvvxmmtmns
998 3793 1027 3806 m*
1033 3795 1092 3807 tvvm
1099 3793 1336 3808 wwvvwiwvw

322 3898 452 3962 alegatac
465 3900 562 3948 codices
591 3897 601 3958 ΙΙ
632 3896 836 3948 liundumdel.
868 3896 879 3961 ΙΙ
909 3900 978 3947 test
990 3897 1054 3960 non]
1069 3898 1142 3950 estf.
1169 3897 1180 3960 11
1212 3902 1338 3948 lausus·

252 3966 356 4018 fructus
369 3968 405 4017 do
418 3967 477 4030 lego
489 3967 593 4030 legatus
605 3967 702 4017 Arndtr
724 3967 765 4030 (cf.
785 3968 839 4017 Vct.
856 3966 909 4028 tr),
929 3964 1133 4016 usumfructum
1145 3965 1182 4016 do
1194 3965 1254 4030 lego
1267 3967 1337 4030 lega·

253 4039 312 4086 tum
324 4037 421 4086 codices
458 4035 470 4097 ΙΙ
508 4040 539 4084 ta
559 4038 645 4085 etom.
662 4037 691 4084 M
719 4036 730 4100 ΙΙ
760 4034 882 4098 usurum]
898 4033 1034 4084 facturum
1049 4035 1169 4088 Culuciut
1199 4036 1210 4098 ΙΙ
1242 4039 1273 4085 tt
1293 4049 1339 4086 co·

253 4105 325 4169 gitur
337 4105 409 4163 dett,
427 4107 539 4167 cogetur
550 4106 598 4154 ML
