2922 4898
687 357 964 416 -2-

285 545 315 622 4,
332 544 413 606 4-5
428 542 632 623 respondent.
658 564 717 606 nec
729 555 833 606 tamen
846 545 879 605 in
891 545 940 606 his
956 554 1076 606 tantum
1093 544 1196 606 labem
1213 545 1375 606 contraxit

283 629 367 692 liber
382 629 572 710 regularum,
592 629 648 694 sed
664 633 781 711 passim
797 633 880 692 intra
892 631 977 710 ipsos
989 631 1044 710 qui
1057 631 1089 691 in
1103 629 1209 692 codice
1220 631 1374 691 Vaticano

284 725 393 777 extant
414 716 521 777 titulos
543 717 722 795 argumenti
746 735 884 778 conexus
907 717 972 778 hiat
982 716 1018 798 ¹),
1045 727 1079 778 ut
1102 717 1202 796 magis
1219 727 1386 796 excerpta.

285 819 324 862 ex
353 801 477 882 leiani
507 802 624 882 regulis
654 821 749 882 quam
778 804 863 884 ipsas
891 803 1016 882 regulas
1044 813 1153 864 tenere
1187 801 1370 866 uideamur.

194 901 203 924 ’
284 886 369 967 quod
399 889 425 948 si
457 889 637 967 quaeritur,
671 907 733 968 quo
761 899 901 969 tempore
932 889 1009 950 haec
1034 889 1175 968 Epitome
1205 887 1287 949 iacta
1314 890 1369 965 sit,

284 974 419 1054 cogitare
442 992 505 1034 non
529 974 602 1036 licet
624 973 665 1036 de
689 976 735 1036 eis
758 973 964 1055 temporibus,
991 974 1108 1054 quibus
1125 975 1197 1054 Legi
1212 975 1375 1034 Romanae

285 1059 531 1140 wisigothorum
555 1070 587 1121 et
608 1059 802 1141 appendices
825 1079 865 1122 ex
888 1061 1035 1143 genuinis
1059 1060 1136 1122 iuris
1152 1062 1282 1152 bomani
1299 1059 1374 1120 ion-

282 1145 370 1208 tibus
384 1146 572 1228 compilatae
584 1156 785 1208 accesserunt
794 1146 814 1227 ²)
844 1156 875 1210 et
897 1147 958 1208 alia
980 1145 1205 1224 additamenta,
1232 1164 1313 1225 quae
1330 1166 1374 1208 ex

282 1229 497 1292 Theodosiano
522 1231 651 1312 Codice,
677 1233 832 1310 Nouellis,
859 1233 945 1294 Pauli
968 1233 1137 1294 sententiis
1159 1233 1259 1313 petita
1281 1242 1314 1292 et
1336 1233 1372 1292 in

282 1320 386 1397 ipsum
402 1318 492 1398 Legis
515 1328 695 1380 contextum
719 1329 845 1398 recepta
868 1327 954 1380 sunt.
989 1319 1045 1380 uix
1061 1320 1145 1380 enim
1169 1318 1221 1379 illa
1244 1319 1373 1379 saecula

282 1404 406 1464 nouioia
432 1413 486 1465 aut
507 1404 632 1465 Latinos
655 1405 809 1468 curabant
831 1415 886 1466 aut
907 1424 960 1466 eos
983 1406 1037 1484 qui
1062 1403 1283 1466 dediticiorum
1306 1423 1373 1465 nu·
1444 1439 1445 1448 1

283 1508 368 1550 mero
398 1499 473 1550 sunt
501 1499 555 1551 aut
583 1490 644 1551 alia
672 1509 731 1552 nec
757 1509 856 1571 pauca
879 1491 1040 1570 Epitomae
1063 1491 1229 1551 vaticanae
1252 1491 1369 1570 capita.

282 1576 389 1654 itaque
412 1575 618 1638 consideratis
640 1585 704 1638 tam
727 1578 774 1639 eis
796 1595 877 1656 quae
893 1577 1006 1638 omissa
1022 1586 1097 1637 sunt
1113 1595 1208 1656 quam
1224 1576 1271 1637 eis
1287 1594 1372 1656 quae

282 1672 503 1724 remanserunt
518 1663 686 1724 Mommsen
698 1663 718 1744 ³)
748 1660 955 1743 probabiliter
974 1663 1107 1723 coniecit
1123 1663 1289 1742 Epitomen
1305 1680 1370 1722 non
1444 1663 1445 1668 ’

283 1749 380 1810 multo
393 1759 462 1828 post
474 1768 502 1809 a.
518 1749 578 1812 320
599 1747 683 1830 (Cod.
699 1749 816 1811 Tbeod.
831 1750 860 1825 8,
879 1750 930 1826 46,
947 1747 974 1829 l)
995 1767 1031 1808 eo
1047 1748 1176 1809 consilio
1193 1747 1371 1809 conlectam

282 1853 363 1914 esse,
389 1843 424 1895 ut
446 1854 482 1896 ea
505 1836 568 1896 sola
593 1845 851 1916 excerperentur,
879 1853 959 1914 quae
982 1836 1055 1896 usui
1073 1833 1190 1895 lorensi
1207 1835 1369 1895 inseruire

282 1939 373 2000 posse
391 1919 593 1997 uiderentur,
620 1923 841 1984 omitterentur
855 1930 960 1982 autem
977 1918 1151 1981 diuisiones
1167 1921 1260 1998 iuris,
1288 1937 1370 1999 quas

281 2014 317 2066 ut
339 2006 424 2086 apud
447 2006 559 2068 Gaium
583 2009 625 2069 ita
648 2009 681 2068 in
704 2008 832 2088 Regulis
855 2007 928 2067 olim
952 2007 1090 2068 extitisse
1113 2007 1182 2086 Dig.
1203 2006 1254 2084 li,
1276 2005 1305 2084 7,
1326 2004 1393 2066 st*
1444 2025 1445 2030 ¹

281 2091 463 2172 ostendunt,
490 2111 593 2172 neque
610 2094 714 2155 minus
731 2111 863 2172 eaquae
880 2093 912 2152 in
929 2092 1170 2154 desuetudinem
1187 2093 1366 2153 uenissent.

367 2179 561 2258 Epitomator
583 2178 615 2240 id
637 2198 737 2241 unum
759 2178 890 2241 uidetur
911 2180 1024 2258 egisse,
1050 2189 1086 2239 ut
1102 2197 1182 2258 opus
1197 2178 1370 2258 leianum
1444 2233 1445 2248 ,

281 2264 314 2323 in
337 2263 470 2326 breuius
494 2265 671 2346 redigeret:
698 2284 771 2326 nam
795 2264 879 2344 quod
897 2265 1074 2327 Lachmann
1091 2265 1132 2325 ad
1148 2265 1199 2344 46,
1221 2264 1232 2322 4
1254 2283 1369 2326 uocem
1444 2303 1445 2312 ¹

280 2351 501 2431 pontiliciorcm
531 2353 564 2412 in
588 2351 757 2413 Collatione
787 2349 935 2412 traditam
965 2350 1006 2412 ab
1034 2352 1237 2431 epitomatore
1260 2352 1293 2410 in
1316 2351 1370 2410 44-

280 2454 447 2518 94444444
475 2447 625 2499 mutatam
649 2455 718 2498 esse
742 2437 880 2516 censuit,
915 2439 1005 2516 quasi
1028 2438 1178 2517 leianus
1201 2436 1287 2497 illam
1309 2455 1369 2496 eo-

281 2521 353 2583 dem
383 2542 480 2585 sensu
511 2533 605 2603 atque
634 2523 715 2585 hano
745 2541 900 2603 usurpare
928 2525 1101 2603 potuisset,
1135 2521 1168 2584 id
1196 2523 1272 2583 mihi
1302 2541 1370 2582 non
1443 2567 1444 2610 ,

280 2610 448 2688 persuasit.
497 2627 533 2670 ea
561 2618 685 2687 autem,
719 2627 800 2688 quae
831 2629 865 2670 re
895 2627 970 2671 uera
995 2610 1028 2670 in
1051 2609 1194 2689 Epitoma
1217 2610 1369 2669 Vaticana
1443 2613 1444 2620 ’

280 2705 398 2756 mutata
421 2703 505 2772 sunt,
531 2714 594 2755 non
617 2697 832 2777 epitomatoris
854 2714 981 2756 manum
1005 2694 1155 2776 produnt,
1185 2694 1243 2756 sed
1264 2693 1370 2755 libra·
1443 2725 1444 2728 ¹

281 2781 401 2842 riorum
430 2781 650 2862 neglegentiae
681 2783 734 2844 uel
763 2781 931 2843 fraudibus
957 2791 1085 2863 accepto
1112 2779 1244 2842 ferenda
1270 2790 1365 2842 sunt:

280 2867 431 2929 nonnulla
461 2886 536 2928 sane
566 2868 681 2931 menda
710 2866 785 2930 inde
814 2877 881 2929 orta
911 2877 1002 2947 sunt,
1034 2865 1119 2947 quod
1148 2875 1240 2928 notae
1271 2867 1364 2946 iuriS,

280 2953 398 3033 quibus
420 2957 471 3016 usi
495 2964 569 3017 sunt
592 2954 716 3017 librarii
738 2955 791 3016 uel
814 2955 914 3035 ipsius
936 2954 1097 3034 archetypi
1120 2954 1173 3015 uel
1196 2954 1291 3015 unius
1316 2953 1370 3013 al·
1441 2957 1444 3038 j

279 3041 421 3103 teriusue
445 3061 485 3102 ex
507 3042 553 3103 eis
576 3042 732 3123 exemplis
754 3060 835 3120 quae
859 3059 899 3102 ex
921 3041 979 3101 hoc
1001 3039 1143 3101 deriuata
1163 3048 1247 3117 sunt,
1274 3057 1371 3119 apo-

279 3127 420 3187 sterioris
442 3130 593 3208 temporis
615 3127 754 3190 librariis
777 3135 831 3188 aut
853 3128 933 3188 male
958 3126 1130 3206 explicatae
1139 3124 1160 3207 ⁴)
1192 3133 1246 3186 aut
1268 3127 1371 3187 omis·
1442 3165 1443 3208 3

629 3329 1081 3344 uvmflux‘vmevvmfvmaeammvvvwvvvuu
1091 3333 1111 3344 xlx
1123 3335 1127 3344 i
1137 3331 1185 3344 ΜκΛῐ
1194 3332 1301 3344 «υυνυνν
1308 3333 1361 3346 'xm

349 3483 366 3547 ¹)
387 3485 417 3534 lu
436 3485 512 3534 hisce
525 3485 644 3535 hiatibus
657 3485 816 3548 detegendis
828 3488 890 3550 post
903 3485 1055 3548 Boeclringii
1070 3490 1097 3536 et
1109 3488 1269 3537 Mommseni
1283 3501 1368 3539 curas

276 3553 911 3673 dliii?iimriiiiiitlll’fflliliiii
925 3556 952 3605 ¹¹¹
965 3554 1181 3674 iill‘lliilffi
1194 3555 1310 3606 ¹³¹¹‘¹⁸‘³·

343 3623 365 3752 δὲ
384 3660 492 3756 leiani
505 3690 654 3755 fragmenta
667 3637 870 3756 edgiioecking.
899 3637 974 3742 isba
1002 3706 1029 3757 p.
1046 3696 1090 3741 444
1106 3661 1166 3758 sqq.

345 3758 365 3822 ⁴)
387 3761 426 3811 lta
446 3763 601 3811 constanter
618 3760 748 3811 scribitur
759 3763 801 3811 ius
816 3762 955 3822 Quiritium
966 3775 1017 3826 pro
1028 3764 1086 3812 iure
1102 3763 1241 3824 Quiritium
1252 3767 1279 3814 et
1290 3767 1367 3814 ascio

278 3844 326 3895 pro
339 3830 412 3880 Aelio
425 3829 529 3880 Sentio:
548 3832 688 3893 praeterea
701 3829 735 3880 ci.
751 3833 776 3889 4,
789 3834 813 3879 4.
826 3832 856 3879 so
872 3833 1017 3891 (institutos
1028 3845 1078 3895 pro
1090 3833 1162 3890 44444)
1177 3835 1201 3892 4,
1217 3836 1231 3880 4
1245 3835 1285 3892 (re
1296 3847 1366 3884 uero
1441 3855 1442 3864 ¹

277 3913 327 3965 pro
340 3902 379 3949 roi
390 3900 512 3958 omorioc)
526 3902 551 3960 ’4,
567 3901 581 3947 4
595 3900 739 3962 (condignis
749 3913 800 3963 pro
813 3900 967 3949 condicionis
979 3902 1005 3950 et
1017 3903 1110 3950 ciuitas
1122 3901 1248 3950 reddatur
1260 3915 1311 3966 pro
1324 3905 1367 3951 oi-

276 3971 345 4026 44444
359 3968 474 4018 nomana
486 3969 576 4029 datur)
595 3971 620 4026 4,
635 3972 660 4016 4.
680 3971 723 4028 44,
739 3971 771 4016 44
790 3969 864 4030 (doto
883 3971 909 4019 et
927 3970 1024 4019 444444
1039 3982 1089 4034 pro
1102 3971 1250 4029 dmntoect)
1271 3973 1314 4031 44,
1330 3974 1364 4022 44
1441 3977 1442 4012 l

278 4040 350 4096 (tuoe
361 4049 410 4100 pro
423 4038 584 4098 testamento)
599 4041 640 4100 44,
658 4041 697 4090 44,
718 4039 760 4096 44,
776 4040 807 4085 44
822 4041 994 4098 (praetoriani
1006 4051 1055 4102 pro
1065 4039 1155 4099 populi
1170 4038 1297 4097 Romani).
1325 4043 1366 4090 si-

277 4103 335 4153 mili
348 4107 434 4154 errori
446 4104 597 4176 tribuerim,
619 4106 692 4171 quod
705 4105 748 4156 his
764 4106 814 4168 (44,
831 4108 872 4157 44.
893 4109 934 4166 44,
952 4108 974 4170 4)
990 4120 1040 4170 pro
1053 4107 1193 4156 secondum
1205 4107 1304 4169 legitur
1317 4112 1367 4160 od·

275 4186 378 4222 uersos.
