2922 4898
498 373 584 384 ...-
629 338 669 400 29
714 373 799 384 .....
1084 340 1143 404 up.
1158 341 1190 388 44

6 589 7 592 ,
66 529 83 586 4
103 544 231 587 suerro.
262 527 321 587 Per
336 524 568 588 damnationem
585 527 634 588 bis
649 527 775 589 uerbis:
796 545 885 589 44444444
900 547 975 590 nnus
988 547 1105 590 44444444
1119 547 1190 590 asro

64 614 83 671 5
102 631 198 691 4444444,
214 619 313 690 otro,
332 630 456 691 444444,
481 631 613 674 emantur
628 632 708 673 4444444
722 633 797 676 nanu
808 623 909 676 444444.
951 613 1084 676 Sinendi
1100 612 1191 675 modo

104 699 164 760 ita:
191 717 280 760 4444444
297 717 371 759 urus
385 717 500 760 4444444444
520 717 593 762 asro
609 718 709 762 4444444444
724 703 757 760 L.
776 702 882 762 Timui
898 718 1006 762 svumu
1029 717 1118 762 444444
1133 719 1191 762 arn

66 787 217 855 6444444444
238 803 358 846 nunnus.
400 785 458 845 Per
479 787 735 865 praeceptionem
757 787 820 847 sic:
851 789 881 847 L.
901 788 1002 847 Trrrvs
1024 805 1113 872 444444
1133 805 1190 846 nnn

6 897 7 900 ¹
103 888 287 932 4444444444.
1010 901 1014 908 v
1210 884 1224 929 5
1307 909 1339 956 '.

66 957 84 1016 7
192 959 252 1017 Per
266 954 511 1019 uindicationem
528 957 625 1038 legari
641 967 772 1036 possunt
784 976 847 1037 ree,
866 977 948 1038 quae
959 967 1093 1036 utroque
1109 966 1192 1017 tem-

6 1087 7 1120 3
103 1061 182 1124 pore
199 1062 239 1103 ex
255 1043 504 1115 iuchuiritium
521 1044 680 1105 testatoris
691 1043 830 1122 fuerunt,
850 1045 959 1105 mortis
976 1051 1007 1105 44
1019 1062 1079 1123 quo
1094 1051 1193 1104 testa-

105 1138 249 1190 mentum
269 1126 422 1206 faciebat,
447 1137 669 1209 praeterquam
688 1130 715 1190 si
731 1129 872 1208 pondere
888 1149 1020 1191 numero
1043 1147 1192 1190 mensuro

102 1217 343 1278 contineantur:
371 1215 403 1274 in
419 1215 469 1276 his
491 1217 575 1275 enim
592 1217 668 1276 satis
690 1225 749 1293 444,
774 1217 801 1276 44
823 1216 876 1277 uel
898 1218 1007 1277 mortis
1029 1214 1202 1277 dumtaxat.

66 1302 84 1359 8
100 1310 246 1381 tempore
268 1299 389 1362 fuerint
405 1319 445 1362 ex
459 1302 527 1362 iure
543 1301 724 1373 Quiritium.
758 1303 816 1363 Per
836 1301 1069 1364 damnationem
1084 1319 1193 1362 omnes
1213 1313 1243 1358 44

103 1407 157 1448 res
172 1389 270 1466 legari
287 1396 435 1466 possunt,
455 1387 548 1448 etiam
565 1405 646 1466 quae
662 1406 723 1448 non
741 1397 815 1448 sunt
830 1390 1004 1466 testatoris,
1024 1386 1192 1448 dummodo

67 1475 84 1531 9
103 1474 225 1534 tales
199 1483 263 1534 sint
273 1518 280 1551 ,
301 1491 383 1552 quae
405 1473 474 1534 dari
491 1474 627 1553 possint:
654 1472 749 1534 Liber
764 1474 855 1534 homo
871 1483 925 1536 aut
947 1493 998 1535 res
1014 1473 1122 1553 populi
1138 1483 1193 1533 aut

105 1578 194 1620 sacra
210 1569 265 1620 aut
281 1559 426 1638 religiosa
449 1578 508 1620 nec
522 1578 581 1638 per
602 1558 835 1620 damnationem
855 1561 954 1640 legari
974 1569 1092 1640 potest,
1104 1577 1192 1638 quo-

6 1637 84 1704 to
104 1647 189 1707 niam
207 1644 276 1706 dari
292 1663 355 1705 non
370 1654 485 1725 potest.
463 1644 659 1707 tSinendi
674 1644 766 1706 modo
781 1647 881 1725 legari
903 1655 1035 1726 possunt
1050 1664 1102 1706 res
1118 1664 1193 1724 pro

48 1731 79 1790 44
104 1734 194 1812 priac
217 1741 279 1792 tes
281 1732 430 1792 atorrse
418 1730 579 1792 tbe'redis
600 1733 679 1792 44444.
719 1733 779 1792 Ρ44
806 1733 1062 1812 praeceptionem
1092 1731 1243 1810 legerius

104 1828 240 1898 possunt
255 1836 316 1896 444,
336 1836 417 1897 quae
434 1819 528 1878 etiam
544 1837 601 1897 per
616 1816 873 1878 uindicationem.

36 1903 87 1962 tu
192 1904 226 1965 Si
249 1923 285 1964 ea
309 1923 375 1983 res,
396 1921 476 1983 quae
493 1922 556 1963 non
579 1904 638 1964 44444
653 1913 787 1983 utroque
810 1913 952 1984 tempore
972 1903 1131 1964 testatoris
1153 1921 1193 1962 ex

6 2011 8 2018 ’
105 1991 174 2051 iure
191 1990 378 2066 Quiritium,
404 2007 464 2069 per
478 1988 722 2050 uindicationem
739 1991 841 2070 legata
856 1991 912 2068 sit,
931 1990 1005 2051 licet
1020 1990 1089 2050 iure
1105 1989 1191 2049 ciuili

105 2095 168 2137 non
185 2077 291 2138 ualeat
306 2076 455 2154 legatum,
474 2085 578 2136 tamen
595 2084 724 2137 senatus
739 2077 878 2137 consulto
893 2076 1069 2137 Neroniano
1086 2074 1194 2134 firma-

6 2211 7 2242 ,
104 2171 168 2240 tur,
190 2180 252 2242 quo
269 2171 393 2223 cautum
410 2171 468 2240 444,
486 2169 522 2222 ut
537 2161 621 2241 quod
637 2163 742 2222 minus
759 2163 841 2242 aptis
855 2162 964 2224 uerbis
979 2162 1114 2240 legatum
1131 2168 1189 2239 est,
1212 2174 1243 2218 so

6 2243 8 2310 4
104 2248 241 2327 perinde
257 2249 309 2326 sit,
327 2249 405 2308 acsi
421 2248 536 2328 optimo
553 2250 622 2309 iure
638 2248 775 2328 legatum
792 2258 891 2309 esset:
918 2249 1072 2328 optimum
1087 2255 1192 2308 autem

106 2337 156 2396 ius
172 2335 270 2414 legati
286 2353 343 2413 per
358 2333 591 2395 damnationem
608 2344 665 2394 est.

6 2411 8 2436 4
49 2419 87 2480 ib
193 2421 226 2482 Si
249 2419 372 2481 duobus
395 2419 504 2481 eadem
530 2439 579 2480 444
603 2437 661 2499 per
682 2419 927 2481 uindicationcm
949 2421 1052 2500 legata
1068 2419 1107 2480 sit
1129 2420 1194 2480 siue

105 2507 315 2580 coniunctim,
333 2506 517 2568 uelutTrrro
533 2524 568 2565 rr
584 2507 657 2566 Suro
674 2524 806 2568 4444444444
818 2507 1008 2567 8444444444
1024 2523 1110 2583 noco,
1129 2505 1194 2566 siue

6 2625 32 2658 ῃ
105 2593 291 2670 disiunctum,
318 2592 416 2654 uelut:
451 2593 534 2652 Timo
555 2612 698 2652 4444444444
710 2593 901 2662 Summano
916 2613 999 2670 44444,
1026 2593 1099 2652 Smo
1114 2613 1193 2652 44444-
1212 2604 1244 2650 44

6 2757 7 2760 ,
104 2699 169 2740 oen
184 2699 375 2739 4444444444
390 2698 472 2754 onoc,
494 2679 563 2738 iure
579 2678 665 2738 ciuili
682 2697 837 2740 concursu
853 2689 958 2758 partes
975 2677 1110 2756 fiebant,
1130 2696 1192 2738 non

6 2793 8 2816 2
106 2773 291 2827 concurrent
294 2783 310 2825 e
280 2765 423 2825 taitero
444 2782 519 2844 pars
536 2764 604 2824 eius
619 2765 710 2824 alteri
732 2763 951 2825 adcrescebat.
975 2764 1033 2825 sed
1054 2723 1125 2843 pos't
1146 2763 1194 2822 le-

6 2843 85 2909 43
106 2870 178 2930 gem
195 2852 322 2930 Papiam
338 2852 511 2930 Poppaeam
534 2869 597 2910 non
619 2851 771 2928 capientis
786 2869 859 2930 pars
875 2848 992 2910 caduca
1008 2849 1053 2908 fit.
1087 2849 1120 2908 Si
1136 2867 1195 2929 per

6 2931 8 2960 4
107 2937 341 2997 damnationem
354 2935 465 2997 eadem
478 2955 529 2997 res
543 2935 665 2997 duobus
677 2937 759 3015 legat
761 2955 776 2997 a
790 2937 840 3013 sit,
860 2954 886 2994 si
879 2935 1029 3015 quidem
1042 2934 1194 2996 coniunc-

6 3011 8 3088 ?
106 3025 173 3095 tim,
194 3023 327 3102 singulis
339 3032 445 3102 partes
462 3021 669 3083 debenture
657 3032 753 3083 tnon
782 3022 934 3101 capientis
960 3040 1035 3101 pars
1057 3021 1126 3081 iure
1149 3020 1193 3080 44-
1212 3033 1244 3078 44

106 3110 197 3171 uili'
189 3128 223 3170 rn
247 3107 420 3170 hereditate
442 3107 625 3170 remanebat
614 3117 749 3186 4,4444444
770 3117 824 3168 eut
826 3126 875 3168 em
898 3106 1014 3168 caduca
1039 3107 1083 3166 fit:
1110 3105 1195 3185 quod

107 3197 132 3256 si
150 3195 335 3257 disiunctim
347 3195 506 3274 s,inguiis
523 3156 658 3255 soliduin
674 3193 820 3255 debetur.

50 3284 86 3343 44
195 3281 267 3359 Opt'
260 3300 330 3342 rone
353 3290 407 3341 4444
409 3300 459 3340 em
486 3280 580 3360 legati
605 3299 663 3361 per
685 3279 929 3341 uindicationem
957 3249 1028 3340 data
1051 3279 1193 3378 legatarii

107 3368 293 3444 4444444444,
312 3367 426 3427 ueluti:
446 3385 717 3444 conrnunormro,
736 3384 871 3427 4444444.
902 3365 1113 3446 idemqueest
1126 3365 1194 3426 etsi

858 3592 862 3600 κ
875 3591 902 3602 ms
921 3591 956 3602 ιΛΙι
987 3587 1189 3602 ’ΜΛΛΛΛΝΝΛΝ

177 3749 191 3794 4
212 3743 280 3808 iure]
296 3744 374 3794 iusC
398 3733 411 3810 il
440 3759 494 3808 quo
508 3745 659 3805 3444444444,
680 3744 854 3808 quomodoC
888 3741 898 3810 ΙΙ
933 3743 1158 3794 8444444444440
1185 3739 1195 3808 ΙΙ

110 3819 139 3863 44
154 3814 263 3876 inerint]
280 3816 417 3864 testatoris
429 3811 529 3863 suerint
540 3814 690 3863 Lucumouu
713 3815 722 3878 41
746 3813 813 3876 iure]
828 3814 871 3864 ius
887 3815 907 3865 G
929 3812 938 3877 Η
963 3817 993 3862 48
1008 3815 1050 3863 ius
1062 3811 1169 3875 quint*
1184 3812 1193 3874 14

109 3889 139 3934 44
159 3887 230 3948 aptis
247 3884 373 3932 Victorius
376 3882 519 3947 ‚pactisC
544 3879 554 3948 ΙΙ
581 3886 609 3930 44
632 3882 707 3932 estc
732 3879 742 3948 ΙΙ
768 3886 800 3930 44
820 3882 886 3946 siue]
902 3895 925 3932 si
937 3881 1039 3932 ueroC
1062 3878 1073 3946 ΙΙ
1099 3883 1130 3928 st
1144 3881 1194 3929 444

110 3953 201 4016 cbum]
218 3953 297 4002 444444
314 3951 333 4001 C
349 3948 359 4018 ΙΙ
376 3953 476 4001 siue..
495 3955 548 4002 .25
562 3951 622 4014 lego
635 3964 684 4000 om.
704 3950 731 4010 C,
745 3953 829 4012 suppl
847 3951 920 4030 Hupo
932 3955 992 4000 aute
1005 3953 1035 3998 at
1050 3949 1136 4012 legata
1148 3949 1191 4007 sit,

111 4025 167 4074 444444
179 4024 234 4071 loco
246 4023 360 4071 restituit
375 4021 470 4070 Vahlen
501 4019 508 4083 44
539 4024 570 4068 46
591 4023 650 4069 iure
664 3989 740 4069 ciuiii
751 4025 809 4080 post
822 4024 852 4067 st
868 4021 927 4068 eius
939 4020 1046 4069 44444444
1057 4023 1081 4067 44
1093 4016 1195 4068 fiebant

110 4095 136 4142 io
148 4090 218 4141 fiunt
229 4094 314 4139 mutat
326 4089 443 4139 Huschke
468 4086 479 4155 ΙΙ
505 4093 535 4138 27
551 4091 677 4138 currente
693 4087 712 4137 G
728 4085 738 4154 14
755 4087 856 4152 postC,
869 4101 919 4152 per
931 4087 1049 4136 Huschke
1073 4083 1083 4152 ΙΙ
1108 4086 1195 4137 4914-

110 4162 162 4224 gati
178 4157 212 4212 Cb
240 4155 251 4225 ΙΙ
281 4158 494 4209 4444444444440
522 4153 532 4222 ΙΙ
562 4163 588 4206 at
612 4156 827 4207 hereditatemc
