2926 4888
494 424 580 436 -—
628 392 686 454 133
730 425 816 437 --
968 395 1042 445 Paul.
1057 396 1089 455 V,
1105 398 1146 446 25.
1162 399 1194 445 26

109 596 210 657 penes
226 597 261 640 se
277 577 418 659 deposita
434 581 627 660 quicumque
648 581 740 642 alteri
756 582 853 643 altero
868 581 1000 644 absente
1017 582 1195 647 reddiderit

109 666 164 726 uel
187 664 372 728 aduersario
393 665 586 746 prodiderit,
612 685 838 746 propersonae
855 669 923 730 eius
944 669 1125 733 condicione
1141 678 1196 732 aut

50 753 84 812 44
111 752 145 812 in
167 751 330 813 metallum
353 750 520 814 damnatur
542 763 596 814 aut
616 753 648 814 in
670 752 804 815 insulam
826 754 996 834 relegatur.
1050 756 1110 827 Qui
1132 755 1212 824 sibi

111 837 227 900 ialsum
252 856 368 898 nomeu
389 839 590 917 imposuerit,
621 857 721 919 genus
742 849 933 919 parentesue
959 841 1102 921 finxerit,
1132 860 1194 922 quo

111 922 192 1005 quid
203 923 342 985 alienum
355 923 559 1005 interciperet
574 936 699 1005 caperet
715 925 899 1005 possideret,
918 944 1019 1005 poena
1029 927 1108 1007 legis
1120 927 1195 988 Gor·
1213 941 1227 985 5

51 1010 91 1070 la
111 1011 216 1072 neliae
240 1008 279 1072 de
307 1007 394 1070 ialsis
417 1019 588 1072 coercetur.
641 1012 702 1083 Qui
730 1010 908 1091 insignibus
931 1013 1048 1074 altioris
1075 1013 1194 1075 ordinis

110 1106 246 1160 utuntur
280 1095 487 1176 militiamque
522 1098 720 1178 confingunt,
759 1116 821 1178 quo
850 1117 944 1178 quern
970 1108 1109 1160 terreant
1140 1100 1196 1160 uel

110 1183 308 1260 concutiant,
334 1181 516 1244 humiliores
531 1185 632 1264 capite
647 1185 841 1264 puniuntur,
868 1184 1061 1247 honestiores
1076 1185 1195 1266 depor-

50 1269 89 1329 43
110 1279 230 1330 tantur.
279 1268 312 1329 Si
328 1269 383 1347 qui
399 1267 439 1329 de
456 1267 570 1330 iudicis
585 1270 732 1330 amicitiis
747 1271 799 1332 uel
814 1268 1022 1332 familiaritate
1038 1273 1195 1333 mentien-

110 1365 160 1418 tes
184 1363 319 1416 euentus
334 1355 562 1416 sententiarum
584 1356 652 1417 eius
673 1355 832 1435 uendunt,
854 1356 973 1436 quidue
989 1355 1122 1418 obtentu
1138 1377 1195 1418 no·
1214 1368 1245 1413 lo

109 1441 208 1502 minis
223 1441 292 1502 eius
307 1449 414 1519 agunt,
434 1442 636 1524 conuicti-pro
652 1441 742 1502 modo
759 1441 866 1504 delicti
882 1451 935 1504 aut
947 1443 1128 1523 relegantur
1142 1452 1195 1505 aut

109 1529 214 1608 capite
229 1527 414 1607 puniuntur.
1220 1543 1222 1547 ·

227 1717 304 1795 [xxvi
348 1734 387 1777 an
410 1734 504 1776 trouu
527 1702 626 1776 irritu
649 1733 686 1776 nu
701 1735 731 1776 ri
746 1733 863 1776 erueret
888 1735 922 1776 nr
944 1717 1079 1796 rnrvara]

71 1837 84 1895 l
198 1838 278 1916 Lege
295 1835 373 1896 lulia
393 1835 433 1896 de
450 1837 482 1896 ui
498 1835 626 1914 publiea
649 1834 826 1914 damnatur,
843 1835 909 1915 'qui
924 1836 1027 1916 aliqua
1043 1845 1196 1916 potestate

111 1920 277 2002 praeditus
291 1923 394 1983 ciuem
411 1921 584 1982 Romanum
599 1930 691 1982 antea
715 1921 755 1983 ad
771 1921 938 2002 populum,
957 1940 1044 1984 nunc
1059 1924 1196 2002 impera·
1215 1934 1246 1980 ts

110 2020 211 2070 torem
233 2007 444 2088 appellantem
468 2008 631 2069 necauerit
652 2009 800 2069 neeariue
816 2009 960 2087 iusserit,
980 2009 1105 2070 torserit
1120 2027 1195 2071 uer-

110 2094 272 2157 berauerit
295 2092 555 2157 condemnauerit
577 2094 652 2155 inue
674 2092 802 2174 publica
813 2094 944 2155 uincula
966 2093 1039 2156 duci
1055 2095 1193 2157 iusserit.

110 2182 203 2242 cuius
226 2180 272 2242 rei
293 2198 396 2259 poena
412 2180 444 2240 in
465 2179 648 2242 humiliores
670 2181 781 2260 capitis
804 2180 836 2240 in
859 2179 1053 2243 honestiores
1075 2181 1196 2242 insulae

71 2267 90 2328 2
111 2267 330 2347 deportatione
346 2274 517 2327 coercetur.
565 2266 628 2327 llae
643 2267 712 2346 lege
729 2266 941 2346 excipiuntur,
961 2268 1016 2346 qui
1032 2275 1131 2329 artem
1147 2267 1197 2329 lu-

110 2352 233 2415 dicram
249 2350 377 2430 iaciunt,
397 2350 528 2413 indicati
544 2352 639 2414 etiam
655 2360 686 2413 et
701 2352 837 2414 confessi
854 2352 948 2432 etqui
960 2352 1031 2415 ideo
1043 2354 1076 2416 in
1089 2372 1196 2416 carce·
1215 2361 1246 2408 ao

110 2458 180 2502 rem
191 2437 265 2500 duci
278 2437 438 2514 iubentur,
455 2437 541 2518 quod
549 2439 599 2499 ius
608 2438 726 2500 dicenti
735 2457 798 2499 non
804 2437 1094 2519 obtemperaueriot
1101 2439 1196 2518 quid-

111 2545 153 2588 ue
161 2533 268 2587 contra
276 2523 472 2605 disciplinam
483 2522 642 2604 publicam
655 2523 803 2586 iecerint:
819 2523 940 2586 trihuni
952 2526 1046 2586 etiarn
1060 2526 1196 2587 militurn

113 2621 145 2674 et
167 2609 320 2692 praelecti
342 2611 489 2672 classium
505 2610 684 2688 alarumue,
709 2618 745 2671 ut
760 2611 830 2672 sine
846 2610 950 2690 aliquo
971 2610 1196 2691 impedimento

71 2699 90 2757 3
112 2699 194 2778 legis
209 2697 306 2758 luliae
325 2715 450 2777 percos
473 2696 607 2758 militare
628 2695 780 2758 delictum
802 2697 940 2758 coerceri
959 2697 1069 2776 possit.
1116 2699 1196 2776 Lege

111 2784 192 2846 Iulia
211 2782 250 2844 de
270 2783 303 2843 ui
324 2783 448 2863 priuata
463 2790 598 2861 tenetur,
618 2782 675 2862 qui
685 2801 779 2862 quem
792 2784 919 2844 armatis
930 2781 1112 2844 hominibus
1123 2800 1198 2862 pos·
1216 2791 1247 2838 25

110 2870 255 2933 sessione
278 2867 369 2930 domo
384 2869 461 2930 uilla
475 2887 589 2948 agroue
613 2866 764 2931 deiecerit
785 2869 1014 2948 expugnauerit
1035 2866 1198 2930 obsederit

111 2956 258 3034 cluserit,
285 2954 359 3017 idue
374 2963 410 3021 ut
424 2954 514 3016 lieret
529 2954 673 3017 homines
694 2952 938 3015 commodauerit
952 2953 1104 3016 locauerit
1118 2972 1198 3016 con-

111 3042 260 3105 duxerit:
286 3041 383 3120 quiue
399 3049 522 3104 coetum
538 3059 723 3104 concursum
738 3039 863 3102 turbam
879 3038 1065 3101 seditionem
1082 3041 1197 3101 incen-

112 3129 202 3191 dium
216 3125 336 3206 iecerit,
352 3125 490 3190 funerari
502 3127 673 3207 sepeliriue
685 3125 823 3206 aliquem
836 3124 1043 3205 prohibuerit,
1060 3123 1197 3188 iunusue

112 3215 270 3294 eripuerit
291 3213 486 3275 turbauerit:
510 3213 613 3292 etqui
638 3231 727 3291 eum,
747 3212 797 3273 cui
812 3230 895 3292 aqua
917 3220 949 3273 et
965 3211 1030 3292 igni
1045 3210 1198 3274 interdic·
1216 3222 1247 3268 ao

112 3310 182 3363 tum
199 3309 265 3378 est,
291 3300 445 3380 receperit
460 3299 612 3361 celauerit
625 3299 782 3360 tenuerit:
807 3299 905 3378 quiue
921 3317 993 3360 cum
1008 3297 1070 3360 telo
1085 3299 1118 3360 in
1134 3317 1196 3380 pu-

113 3385 197 3448 blico
219 3384 331 3464 luerit,
360 3385 477 3466 templa
492 3393 597 3466 portas
621 3381 749 3446 aliudue
773 3384 851 3463 quid
876 3383 1040 3466 publicum
1070 3385 1198 3448 armatis

114 3471 276 3535 obsederit
302 3472 438 3533 cinxerit
464 3472 611 3534 clauserit
636 3471 849 3550 occupauerit.
906 3469 1024 3551 quibus
1050 3470 1198 3534 omnibus

115 3627 162 3639 ⁸7¹»th
168 3622 1199 3640 vmmmwwvvwmmmvvvwxmasvxmmnmmmmmwvxm

186 3732 301 3794 iprout
318 3741 449 3793 personae
468 3728 595 3778 condicio
614 3731 654 3778 est
672 3726 731 3790 Dip.
781 3726 792 3791 ΙΙ
840 3726 1016 3791 trelegatur]
1043 3726 1202 3791 deportatur

116 3800 177 3862 Dio.
217 3797 229 3861 ll
270 3800 358 3862 iquo
371 3797 437 3862 quid
450 3797 569 3848 alienum
581 3798 653 3856 dett,
668 3795 743 3860 quod
754 3797 802 3860 qui
816 3797 936 3847 alienum
949 3797 979 3856 t,
994 3795 1122 3860 quodque
1135 3794 1202 3844 aliut

115 3869 146 3920 lli
174 3868 185 3931 ΙΙ
215 3871 230 3916 5
248 3867 424 3931 interciperet
435 3869 544 3932 caperet
555 3865 709 3930 possideret
718 3867 790 3924 deth,
806 3867 981 3929 interceperit
993 3864 1201 3928 ceperitposse-

115 3938 188 3988 derit
200 3936 249 3985 ML
287 3935 299 3999 ΙΙ
336 3935 537 3996 tuelM,etL
575 3934 587 3996 ll
626 3932 1018 3994 ltnecariuedett.,om.llh
1055 3930 1066 3995 ΙΙ
1104 3934 1202 3982 ltca-

77 4020 81 4027 ·
114 4007 179 4073 pitis
195 4005 324 4062 Goioeius,
341 4007 430 4069 capite
441 4005 539 4056 codices
578 4003 590 4067 11
633 4006 663 4052 to
683 4001 833 4065 coercetur]
847 4003 905 4052 iel
919 4001 1139 4052 adductorium:
1152 4001 1200 4066 qui

115 4075 257 4128 hominem
275 4075 423 4138 ingenuum
440 4073 484 4123 uel
503 4074 563 4122 ciue
581 4085 726 4122 romanum
738 4072 797 4121 uim
810 4069 871 4121 ierit
882 4069 1060 4134 flagellauarit
1071 4069 1201 4119 humilio-

116 4157 161 4194 res
179 4144 269 4207 capite
286 4144 438 4207 puniuntur
456 4141 624 4192 honestiores
642 4142 671 4190 in
688 4140 815 4197 insulam,
836 4139 869 4202 cf.
889 4144 914 4198 t,
934 4136 990 4199 8⁰¹³,
1005 4142 1014 4187 4
1066 4139 1077 4202 ΙΙ
1123 4141 1155 4188 it
1175 4140 1202 4188 et

119 4213 251 4270 Cuioeius,
271 4223 320 4262 orn.
335 4212 432 4261 codices
472 4211 483 4274 ΙΙ
525 4213 552 4258 tl
576 4208 774 4273 obtemperauit
785 4209 883 4258 codices
