2926 4888
443 1339 490 1421 u.
518 1337 717 1422 vinnan
733 1289 868 1420 raoni

370 1532 421 1592 DE
443 1531 557 1593 NOTls
579 1531 680 1593 lvllls
702 1528 937 1592 FRAGMENTA

242 1727 273 1781 ln
288 1723 373 1783 Probi
389 1726 529 1796 opusculo
544 1725 580 1781 de
596 1728 670 1782 notis
686 1725 756 1780 iuris
772 1724 884 1781 edendo
899 1726 1149 1783 Mommsenianam

154 1813 311 1869 editionem
326 1812 443 1867 alteram
459 1813 548 1868 secuti
565 1827 681 1878 sumus,
701 1826 775 1881 quae
791 1817 902 1881 partem
918 1811 984 1866 iacit
999 1809 1151 1868 Gramma-

154 1901 278 1955 ticorum
294 1899 458 1953 Latinorum
473 1895 510 1953 ab
526 1899 559 1953 H.
579 1897 670 1954 lleilio'
691 1896 877 1952 collectorum
904 1890 1023 1972 (Lipsiae
1037 1899 1095 1954 uol.
1115 1899 1150 1954 lV

158 1987 240 2041 lssdl
256 2000 287 2054 p.
301 1987 355 2040 tlt
373 1977 467 2060 sqq.].
493 1983 601 2054 pendet
613 1989 708 2038 autem
724 1984 804 2038 crisis
819 1984 849 2038 in
863 1980 956 2039 Probo
972 1985 1150 2043 restituendo

155 2070 333 2139 exercenda,
360 2075 391 2125 ut
405 2071 563 2126 Mommsen
577 2071 740 2142 perspexit,
768 2083 803 2124 ex
824 2069 938 2126 duobus
956 2068 1150 2126 subsidiorum

154 2155 325 2228 generibus:
346 2172 470 2226 quorum
486 2156 607 2211 alterum
621 2157 691 2226 ipsis
706 2157 747 2210 eis
762 2153 910 2211 codicibus
921 2155 1053 2226 eflicitur,
1074 2171 1150 2227 quo-

154 2259 223 2298 rum
245 2243 295 2313 qui
316 2241 402 2298 hodie
425 2244 509 2312 periit
530 2241 705 2314 archetypus
726 2239 812 2296 Probi
834 2241 870 2296 de
892 2244 968 2298 notis
990 2257 1063 2312 opus
1085 2243 1173 2316 plus,

155 2331 290 2384 minusue
301 2329 444 2398 integrum
454 2329 643 2384 continuerat.
670 2343 704 2382 ex
716 2327 761 2382 bis
773 2326 920 2384 codicibus
929 2329 1150 2385 Mommseniana

156 2415 244 2470 editio
258 2413 373 2470 duobus
389 2415 567 2484 potissimum
583 2415 682 2469 nititur
696 2414 811 2469 saeculo
823 2413 874 2470 XV
890 2420 1012 2470 exeunte
1028 2415 1075 2470 uel
1086 2417 1150 2472 XVI

155 2501 310 2570 incipiente
333 2501 519 2570 conscriptis:
549 2499 738 2557 Ambrosiano
760 2501 774 2554 J
799 2505 856 2558 llo
879 2517 944 2570 sup.
971 2506 999 2556 et
1021 2501 1150 2558 Romano

155 2586 292 2656 Chigiano
309 2587 329 2642 l.
349 2587 394 2642 Vl.
416 2589 486 2656 tol,
514 2589 564 2657 qui
579 2584 664 2642 Probi
686 2585 883 2642 collectionem
904 2587 934 2640 in
949 2587 1005 2642 line
1021 2588 1150 2643 mutilam

155 2673 284 2728 tradunt.
310 2673 432 2730 alterum
448 2669 641 2728 subsidiorum
657 2687 748 2742 genus
762 2675 873 2742 primus
889 2679 918 2726 et
933 2672 1039 2728 detexit
1054 2678 1083 2728 et
1097 2673 1151 2728 ad-

155 2756 250 2814 hibuit
272 2759 445 2815 Mommsen:
476 2761 526 2828 qui
548 2773 613 2814 cum
637 2757 843 2828 additamenta,
870 2755 976 2828 quibus
998 2760 1027 2812 in
1049 2759 1150 2816 codice

155 2844 327 2900 Eiusidlensi
345 2849 403 2903 326
419 2859 494 2899 saec.
514 2843 542 2898 X
564 2848 697 2900 notarum
720 2844 827 2915 sylloge
842 2859 917 2914 quae
932 2845 1019 2914 uulgo
1034 2845 1151 2914 Papiani

155 2932 262 2986 dicitur
276 2936 359 2986 aucta
376 2936 434 2999 est,
461 2946 496 2985 ex
510 2927 604 2985 Probo
626 2935 740 3000 sumpta
763 2945 827 2986 esse
842 2930 1046 2999 intellexisset,
1071 2929 1150 2986 huno

155 3017 286 3073 codicem
308 3031 367 3071 non
388 3016 481 3072 solum
503 3016 539 3072 ad
555 3015 748 3071 emendandas
763 2997 812 3071 ea's
827 3021 924 3085 partes
938 3015 1024 3072 Probi
1039 3017 1145 3086 operis,

155 3118 230 3174 quas
245 3118 332 3173 supra
347 3102 412 3158 dicti
436 3102 550 3158 codices
572 3102 802 3172 complectuntur
824 3100 972 3172 adhibuit,
997 3103 1150 3158 sedetiam

155 3205 206 3244 eas
228 3186 313 3243 Probi
335 3193 434 3257 notas,
461 3204 536 3258 quae
558 3190 586 3242 in
610 3184 837 3243 Einsidlensibus
860 3187 1060 3244 additamentis
1081 3189 1149 3245 solis

155 3275 344 3330 inueniuntur
356 3280 384 3330 et
400 3290 433 3329 ex
449 3275 602 3344 integriore
619 3275 721 3344 eisqui
736 3273 822 3330 bodie
839 3279 935 3329 extant
949 3273 1033 3330 Probi
1049 3274 1149 3331 codice

155 3367 303 3439 auctorem
319 3359 504 3415 Eiusidlensis
519 3360 697 3416 collectionis
712 3360 842 3416 hausisse
858 3359 1066 3430 demonstrant,
1088 3362 1150 3418 ool-

155 3448 229 3502 leota
245 3446 436 3517 supplementi
451 3445 537 3502 modo
552 3444 672 3501 addidit.
712 3461 770 3516 quo
792 3437 993 3517 supplemento
1015 3454 1047 3502 ut
1071 3454 1149 3504 recte

154 3538 281 3599 utamur,
300 3531 457 3588 tenendum
469 3538 512 3588 est
523 3531 708 3587 Eiusidlensis
719 3531 895 3588 collectionis
906 3539 1053 3588 auctorem
1064 3532 1149 3590 Probi

155 3625 238 3675 notes
243 3619 350 3688 passim
361 3621 390 3673 in
401 3616 483 3674 binas
497 3618 542 3674 uel
554 3623 650 3673 ternas
662 3618 847 3687 discerpsisse
859 3626 888 3673 et
899 3617 1061 3674 secundum
1070 3620 1149 3675 litte-

155 3720 254 3760 rarum
271 3704 411 3772 ordinem,
430 3720 517 3774 quern
533 3709 591 3760 tota
606 3703 736 3760 collectio
747 3703 932 3760 Eiusidlensis
947 3719 1012 3760 oum
1024 3705 1148 3776 Papiano

155 3790 297 3860 sequitur,
314 3791 443 3860 Papianis
455 3791 528 3846 notis
539 3791 704 3845 inseruisse.
731 3792 769 3846 ita
781 3806 811 3846 u.
826 3806 854 3860 g.
870 3797 954 3846 notae
966 3788 1049 3846 Probi
1063 3797 1091 3861 3,
1111 3795 1147 3848 tl

156 3876 188 3932 S·
214 3875 247 3942 Q·
266 3875 298 3932 S·
315 3875 347 3932 S·
365 3877 399 3930 E·
419 3875 453 3942 Q·
470 3877 508 3933 N·
525 3878 550 3931 1·
567 3875 599 3932 S·
617 3878 650 3932 li·
668 3877 702 3931 Ε·
721 3875 756 3930 H·
774 3878 807 3932 L·
824 3877 863 3932 Ν·
880 3877 914 3931 Ii·
938 3880 963 3932 si
985 3878 1052 3948 quid
1073 3879 1149 3933 socri

156 3965 248 4018 tancti
264 3969 313 4030 est,
340 3963 414 4035 qood
428 3979 485 4018 oon
499 3965 561 4018 iore
575 3965 767 4034 streperem,
795 3965 853 4018 eius
870 3963 922 4018 boc
939 3962 998 4034 lepe
1011 3963 1082 4018 nibil
1097 3979 1148 4019 ro-

155 4050 284 4120 poterin
300 4047 471 4104 Eiusidlensi
486 4047 558 4103 haec
573 4048 626 4103 tria
642 4048 798 4118 fragmenta
814 4054 920 4117 extant,
939 4049 994 4105 sub
1009 4048 1102 4104 littera
1115 4049 1143 4104 S:

87 4211 93 4233 Ι
157 4133 190 4190 S·
210 4132 244 4199 Q·
261 4134 294 4190 S·
312 4133 344 4190 S·
363 4135 395 4188 Ε·
421 4136 521 4206 siquis
536 4137 612 4189 socri
625 4137 717 4190 sancti
733 4143 781 4204 est,
808 4132 862 4189 sub
885 4134 978 4190 littera
996 4132 1034 4203 Q:
1062 4133 1096 4200 Q·
1114 4135 1146 4190 S·
