2926 4888
490 339 574 350 .-.
620 307 678 368 107
724 339 809 358 --
885 306 1185 367 Paul.=IV,tt-V,t

13 569 14 572 Ἴ
55 519 57 532 ·
102 495 166 556 hoo
195 493 288 556 modo
319 495 443 554 Srronvs
472 512 556 554 nman
584 513 666 556 nsro.
728 513 799 558 oum
830 503 936 562 autem
965 513 1187 572 orsorurromn,

13 603 14 606 ¹
88 581 160 642 'uel
182 599 232 654 ovr
251 599 288 642 nx
308 596 433 640 inormi
447 597 513 640 rma
528 599 690 659 rusorum,
716 599 840 644 nrrnavu
859 599 925 642 ussa
944 599 1038 659 vono,
1070 599 1110 642 ex
1131 581 1192 642 Or-

13 687 14 736 g
103 667 216 729 titiano
238 674 368 728 senatus
389 665 529 728 oonsulto
544 666 678 745 perinde
700 665 831 730 libertas
846 669 1011 746 competit,
1038 685 1075 732 ao
1090 667 1116 727 si
1132 685 1190 728 no-

83 753 249 816 minatim
265 751 339 814 data
362 753 418 813 sit:
443 750 617 814 ollioiorum
639 753 722 814 enim
740 764 771 814 et
787 753 902 815 artium
924 752 1094 833 appellatio
1109 751 1190 814 nihil

13 835 14 902 ζ
102 837 145 900 de
163 837 391 918 significatione
414 838 577 902 nominum
594 848 712 900 mutat:
737 840 799 900 nisi
814 838 892 900 forte
907 839 1015 918 plures
1031 839 1109 917 sint,
1134 838 1189 918 qui
1209 849 1223 894 t

103 944 141 986 eo
163 923 265 986 officio
280 923 506 1004 designentur:
532 934 608 986 tuno
631 925 715 985 enim
736 943 850 987 nomen
871 922 1187 1004 adiungendum‘est,

13 1021 14 1024 ’
63 1013 82 1074 2
102 1020 140 1074 ut
157 1011 291 1084 eluceat,
310 1008 350 1071 de
367 1029 429 1090 quo
446 1018 576 1076 testator
591 1012 728 1072 sensisse
745 1009 904 1072 uideatur.
953 1009 1112 1072 Codioillis
1126 1019 1191 1071 tes-

101 1105 246 1160 tamento
275 1095 467 1158 confirmatis
495 1095 586 1158 datae
615 1095 778 1158 libertates
801 1115 873 1158 oum
895 1097 945 1157 his
967 1115 1048 1176 quae
1072 1095 1190 1159 tabulis

13 1249 14 1256 χ
101 1183 288 1244 testamenti
263 1181 395 1244 tdatae
412 1191 485 1244 sunt
499 1191 702 1261 oonourrunt,
723 1192 755 1244 et
769 1183 837 1244 siue
852 1181 1080 1244 antecedant
1054 1201 1123 1244 siue
1137 1201 1190 1244 so-

101 1277 248 1348 quantur
267 1277 508 1347 testamentum,
537 1269 709 1330 nouissimo
732 1269 798 1330 looo
819 1267 1030 1345 adhibentur,
1054 1269 1130 1348 quia
1151 1277 1240 1330 exto

62 1355 80 1414 3
100 1363 293 1419 testamento
313 1363 467 1433 utraeque
487 1313 723 1417 confirmantur
771 1355 922 1427 Quotiens
949 1373 1103 1417 numerus
1123 1373 1191 1416 ser-

13 1499 15 1506 ,
101 1459 218 1502 uorum
239 1450 369 1520 propter
383 1441 486 1520 legem
500 1439 618 1502 Fufiam
635 1440 799 1504 Caniniam
814 1439 973 1503 ineundus
990 1449 1036 1502 est
1040 1441 1191 1522 ‚lugitiui

101 1545 251 1606 quoque,
277 1545 411 1606 quorum
426 1545 553 1606 semper
573 1527 729 1606 possessio
745 1527 847 1589 auimo
863 1528 1030 1606 retinetur,
1060 1545 1192 1606 oompu-

64 1615 82 1672 l
101 1611 195 1675 tandi
218 1623 303 1681 sunt.
349 1614 428 1694 Lege
443 1611 528 1674 Fufia
543 1611 675 1675 Caniuia
690 1621 839 1690 cauetur,
857 1622 892 1674 ut
907 1621 1012 1675 oertus
1027 1631 1190 1675 seruorum

102 1717 259 1762 numerus
275 1706 462 1762 testamento
477 1699 727 1762 manumittatur.
774 1698 939 1761 subductis
954 1700 1051 1778 igitur
1066 1697 1190 1760 duobus
1211 1708 1242 1754 ⁴5

102 1803 208 1884 usque
224 1783 265 1846 ad
277 1783 387 1846 decem
403 1803 477 1865 pars
489 1783 632 1863 dimidia,
651 1784 789 1847 adenem
804 1803 906 1864 usque
922 1783 963 1846 ad
974 1784 1105 1864 triginta
1115 1803 1191 1864 pars
1284 1813 1285 1818 ¹

13 1897 15 1906 r
103 1871 253 1949 tertiae
264 1871 506 1952 tripintuusque
522 1869 562 1933 ad
584 1880 711 1932 eentum
726 1889 800 1950 pars
815 1881 938 1950 quarta,
957 1891 975 1932 a
991 1879 1119 1933 eentum
1133 1889 1190 1933 us-

13 1997 14 2010 i
103 1975 170 2036 que
186 1955 228 2018 ad
244 1957 433 2055 quingentos
448 1975 523 2038 pars
538 1957 660 2036 quinta.
707 1957 815 2057 plures
830 1966 936 2020 autem
953 1975 1048 2037 quam
1063 1966 1190 2019 oentum

103 2063 145 2106 ex
161 2043 274 2104 maiori
289 2061 422 2104 numero
437 2062 601 2105 seruorum
616 2043 795 2105 manumitti
810 2062 872 2105 nou
888 2043 971 2104 lioet.

606 2229 690 2313 nr]
989 2189 991 2195 ’
1211 2241 1241 2286 20

193 2352 257 2412 Neo
279 2349 341 2412 filio
364 2351 488 2432 patroni
507 2352 616 2418 ,inuito
639 2351 774 2414 libertus
794 2350 955 2414 natalibus
976 2354 1043 2414 suis
1065 2353 1190 2414 restitui

13 2521 14 2532 ἵ
102 2446 211 2539 potest
222 2459 248 2584 ;Ϋ
263 2437 340 2518 quid
367 2439 451 2500 enim
477 2438 611 2500 interest
638 2438 699 2518 ipsi
724 2447 855 2518 patrono
881 2456 921 2500 an
949 2437 1020 2499 filiis
1047 2441 1116 2500 eius
1138 2437 1192 2501 fiat

13 2553 14 2592 4
101 2543 225 2587 rnrurra

477 2781 609 2844 .LlBER
635 2782 803 2854 QVINTVS

463 2918 481 3000 [r
524 2937 562 2980 nn
584 2937 716 2981 monnau
737 2917 836 3000 narsi]
1209 2927 1242 2974 aa
1296 2967 1298 2972 .

13 3043 14 3090 ἓ
66 3041 78 3099 l
196 3039 256 3112 Qui
277 3039 539 3118 contemplatione
562 3048 722 3105 extremae
738 3039 935 3100 necessitatis
957 3047 1011 3100 aut
1026 3037 1191 3102 alimento-

13 3129 15 3204 ᾗ
104 3145 180 3190 rum
196 3127 298 3206 gratia
320 3125 399 3188 lilios
413 3143 486 3188 suos
501 3123 725 3204 uendiderunt,
749 3125 845 3186 statui
861 3125 1067 3204 ingenuitatis
1082 3143 1191 3186 eorum

13 3213 15 3282 ἶ
103 3232 170 3274 non
187 3211 422 3292 praeiudicant:
449 3212 540 3273 homo
561 3212 645 3274 enim
666 3211 750 3274 liber
770 3211 856 3272 nullo
869 3210 971 3290 pretio
992 3211 1189 3274 aestimatur.

103 3299 194 3362 idem
211 3315 270 3358 neo
290 3298 420 3377 pignori
440 3296 481 3360 ab
503 3297 553 3359 his
574 3306 629 3370 aut
648 3296 782 3360 fiduciae
803 3296 872 3360 dari
894 3305 1042 3376 possunt:
1068 3317 1109 3360 ex
1129 3317 1191 3377 quo

104 3384 190 3448 laeto
206 3383 309 3446 soiens
324 3381 462 3446 creditor
476 3382 670 3464 deportatur.
718 3402 833 3464 operae
848 3393 954 3446 tamen
970 3402 1079 3446 eorum
1095 3383 1191 3446 looari
1211 3393 1243 3438 eo

13 3655 15 3708 Ξ
103 3697 136 3744 2⁰
164 3603 493 3753 348ἒ(--1))ι940,44’,ι
523 3623 535 3686 ss
565 3623 1188 3688 l,tattidem...atdeportatur-sliiy.
1222 3649 1227 3657 ·

13 3745 14 3764 ᾗ
141 3731 148 3755 ,
185 3732 192 3756 ,
246 3705 305 3742 uo.

177 3918 340 3966 inescatur
352 3915 477 3974 Huschke,
498 3917 619 3966 nascitur
630 3917 728 3966 codices
757 3916 768 3980 ΙΙ
799 3920 828 3966 to
848 3915 992 3966 adhibetur
1004 3916 1053 3967 ML
1082 3915 1093 3978 ΙΙ
1124 3918 1190 3966 tta

103 3988 219 4051 triginta
231 3998 280 4034 om.
296 3985 393 4034 codices
440 3982 451 4047 11
499 3987 530 4033 2⁸
548 3984 717 4050 praeiudicat
729 3987 826 4036 codices
866 3983 877 4046 ΙΙ
918 3984 994 4035 nullo
1007 3985 1037 4047 L,
1051 3984 1119 4034 nulli
1132 3983 1190 4034 dari

13 4093 15 4114 ,
108 4056 186 4120 (dara
201 4054 250 4117 Ma)
264 4052 341 4103 nullo
355 4052 385 4103 Μ
420 4053 431 4116 ΙΙ
468 4055 501 4103 20
520 4052 613 4104 idem.
630 4091 636 4104 .
653 4091 659 4106 .
675 4058 706 4103 ³0
720 4053 885 4118 deportatur]
898 4052 1026 4116 creditor,
1040 4054 1192 4118 quisulens

103 4126 193 4176 filium
207 4121 324 4173 familias
336 4135 351 4171 a
362 4127 475 4186 parente
485 4123 591 4187 pignori
604 4125 719 4188 accepit,
733 4123 867 4186 relegatur
878 4123 939 4187 Dio.
