2922 4898
307 343 381 394 Paul.
396 344 429 403 ΙΙ,
444 345 509 394 4-7
697 378 784 390 -
827 345 867 408 62
911 377 997 390 -...

308 535 334 594 si
349 533 383 592 in
397 533 491 594 aliam
513 510 638 594 causam
654 531 839 596 commodati
855 541 943 611 sunt,
969 531 1049 594 actio
1072 531 1370 595 commodatidatur:

307 616 448 680 custodia
465 619 550 680 enim
565 627 597 680 et
612 616 773 700 diligentia
790 620 835 682 rei
851 617 1063 680 commodatae
1080 618 1267 699 praestanda
1284 629 1336 680 est.

271 789 288 848 4
394 791 427 851 Si
442 809 510 851 rem
531 792 726 851 aestimatam
741 789 800 851 tibi
815 789 950 869 dedero,
976 799 1062 852 ntea
1079 789 1228 851 distracta
1249 791 1374 870 pretium

307 875 348 937 ad
359 895 409 938 me
422 874 575 955 deferres
594 894 693 955 eaque
705 877 854 956 perierit:
874 877 900 937 si
917 873 1046 956 quidem
1062 895 1119 954 ogo
1134 885 1165 936 te
1181 878 1300 956 rogaui,
1318 895 1375 936 meo

308 963 449 1042 periculo
470 963 570 1042 perit:
600 963 626 1024 si
649 973 683 1024 tu
711 962 751 1024 de
773 961 941 1024 uendenda
964 962 1144 1042 promisisti,
1174 971 1227 1023 tuo
1249 962 1400 1042 periculos

306 1049 401 1128 perit.

692 1252 720 1332 [v
762 1245 808 1313 nn'
822 1253 1004 1333 riououirvs]

272 1374 283 1433 4
394 1371 537 1434 Creditor
559 1373 585 1433 si
608 1373 795 1452 simpliciter
810 1372 871 1434 sibi
886 1375 1003 1454 pignus
1019 1367 1197 1456 depositum
1213 1372 1380 1435 distrahere

307 1459 396 1537 uelit,
413 1467 463 1519 ter
473 1467 546 1519 ante
562 1457 751 1519 denuntiare
768 1459 904 1520 debitori
927 1479 982 1521 suo
999 1458 1109 1536 debet,
1128 1469 1164 1520 ut
1178 1461 1296 1539 pignus
1311 1460 1377 1536 luat,
1434 1489 1435 1506 1

270 1546 288 1606 2
307 1565 348 1606 ue
364 1564 382 1606 a
398 1563 431 1606 se
453 1543 657 1606 distrahatur.
698 1547 792 1606 Fetus
807 1546 860 1606 uel
884 1555 994 1626 partus
1017 1546 1085 1607 eius
1106 1546 1152 1606 rei
1169 1564 1250 1625 quae
1266 1546 1414 1626 pignorio
1433 1507 1435 1614 4

308 1631 378 1692 data
394 1641 442 1692 est
456 1631 597 1710 pignoris
611 1631 680 1692 iure
696 1649 758 1690 non
775 1640 917 1708 tenetur,
946 1632 1008 1692 nisi
1031 1632 1089 1692 hoo
1104 1633 1188 1692 inter
1204 1633 1381 1693 contrahen-

307 1727 355 1778 tes
370 1717 566 1778 conuenerit.

270 1891 287 1949 3
395 1889 613 1968 Compensatio
636 1887 736 1950 debiti
761 1907 800 1949 ex
821 1889 891 1968 pari
907 1890 1013 1970 specie
1036 1898 1067 1950 et
1082 1908 1175 1950 causa
1199 1888 1318 1969 dispari
1333 1887 1381 1950 ad-

309 1976 459 2036 mittitur:
478 1975 568 2034 ueiut
584 1975 610 2035 si
627 1975 793 2054 pecuniam
809 1973 868 2036 tibi
884 1974 1018 2036 debeam
1034 1984 1065 2036 et
1080 1985 1114 2037 tu
1131 1975 1208 2035 mihi
1224 1976 1379 2056 pecuniam

309 2059 435 2139 debeas,
455 2069 509 2120 aut
520 2059 714 2122 frumentum
729 2070 782 2122 aut
795 2070 897 2122 cetera
910 2060 1101 2138 huiusmodi,
1121 2061 1194 2122 iicet
1207 2080 1247 2122 cx
1263 2061 1379 2122 diuerso
1394 2069 1415 2113 u

308 2155 485 2223 contractu,
511 2164 713 2225 compensare
734 2148 786 2208 uel
803 2146 960 2208 deducere
985 2146 1094 2209 debes:
1123 2147 1149 2208 si
1165 2157 1264 2208 totum
1288 2157 1377 2227 petas.

309 2233 381 2311 plus
396 2231 532 2312 petendo
548 2251 640 2293 eausa
656 2231 753 2294 cadis.

517 2436 557 2518 [vr
600 2456 637 2498 nn
661 2457 883 2500 nxnnouromrvs
905 2457 940 2498 nr
964 2437 1172 2518 rusriromnvs]

394 2558 491 2618 Filius
513 2556 647 2618 familias
670 2560 696 2619 si
713 2559 876 2620 uoluntate
898 2559 998 2639 patris
1019 2577 1133 2620 nauem
1151 2568 1314 2646 exerceat,
1331 2575 1381 2637 pa-

224 2657 225 2662 ’
309 2652 388 2704 trem
406 2644 439 2703 in
455 2643 587 2704 solidum
602 2643 642 2705 ob
656 2664 690 2705 ea
708 2663 789 2724 quae
804 2646 891 2705 salua
906 2645 1063 2724 receperit
1078 2643 1205 2724 obligat.
1395 2653 1416 2696 to

644 2850 698 2931 [vu
741 2869 779 2911 an
801 2869 896 2911 trouu
918 2851 1058 2928 nnonnu]

274 2972 286 3031 i
396 2969 561 3033 Leuandae
583 2972 674 3030 nauis
697 2971 798 3050 gratia
820 2970 919 3031 iactus
942 2989 1013 3031 cum
1035 2970 1188 3030 mercium
1211 2970 1312 3032 iaetus
1329 2977 1378 3045 cst,

310 3058 450 3118 omnium
463 3055 671 3118 intributione
684 3057 848 3134 sarciatur,
867 3055 951 3135 quod
967 3075 1023 3137 pro
1035 3055 1182 3116 omnibus
1198 3057 1318 3136 iactum·
1328 3063 1379 3116 est.

312 3228 362 3241 mx.
366 3227 616 3238 ΑΛΛΛΛΛΛΛΛΛΛΛΛΛΛΛ
620 3227 688 3238 tvvm)
693 3226 768 3238 xrvxtvv
772 3226 904 3238 ιΛΛΑΛΛΛΛη
962 3226 1168 3238 εΑω-κΛΛΛΛΛΛΛΛΛκ
1172 3226 1294 3238 -ΛΛΛΛΛκνν
1298 3226 1353 3238 mmm
1357 3227 1367 3236 v

311 3331 424 3379 codices:
443 3329 476 3392 ef.
493 3330 673 3390 interpretatio
689 3330 712 3378 si
725 3343 835 3379 seruum
847 3329 892 3379 uel
905 3343 1005 3394 equum
1017 3330 1061 3379 uei
1074 3343 1263 3395 quaecumque
1276 3331 1327 3380 alia
1339 3329 1383 3377 ali-

311 3399 373 3461 quis
385 3397 419 3447 ab
432 3398 515 3448 altero
527 3398 561 3446 ad
573 3411 639 3447 usus
652 3398 839 3448 tantummodo
853 3398 991 3448 seruiendi
1009 3398 1180 3448 commodata
1199 3400 1346 3463 susceperit
1361 3401 1383 3446 et

312 3478 358 3516 eos
371 3466 405 3515 ad
417 3479 536 3530 pugnam
548 3467 592 3515 uel
605 3466 653 3515 ubi
664 3467 738 3516 uitae
749 3467 902 3531 periculum
914 3468 1054 3516 incurrant
1064 3466 1172 3516 duxerit

380 3539 394 3584 t
415 3534 449 3584 de
460 3535 604 3585 uendenda
618 3537 654 3593 M,
669 3538 695 3584 te
707 3536 851 3585 uendenda
864 3537 893 3595 t,
908 3535 1077 3586 defendenda
1091 3537 1169 3586 dett:
1187 3537 1210 3585 si
1223 3550 1281 3586 rem
1293 3547 1383 3598 accep-

312 3605 367 3653 tam
385 3617 440 3654 non
458 3606 568 3666 rogante
586 3603 714 3664 domino,
734 3605 781 3654 sed
799 3606 972 3668 promittente
990 3618 1022 3654 eo
1040 3605 1087 3668 qui
1105 3605 1219 3668 aceepit,
1241 3604 1306 3654 dum
1323 3604 1383 3654 uelit

164 3712 166 3716 .
227 3733 230 3738 ,
310 3673 489 3733 uenumdam,
509 3673 658 3737 perdiderit
670 3673 865 3734 interpretatio:
882 3673 994 3736 fortasse
1012 3674 1035 3722 si
1052 3676 1082 3722 tu
1099 3673 1383 3737 tenenditurumpro-

313 3743 411 3792 misisti
422 3755 474 3791 scr.
517 3741 527 3804 ΙΙ
570 3746 600 3790 to
619 3741 734 3806 pignori]
754 3742 982 3805 pigneriscodtces
1017 3743 1028 3804 ΙΙ
1065 3745 1091 3789 44
1115 3744 1383 3792 nontencturLcoot

313 3811 437 3872 interere,
451 3811 583 3860 retinetur
595 3811 624 3860 M
637 3811 762 3870 (similiter
773 3813 807 3860 od
821 3815 862 3871 6³,
877 3813 913 3871 2),
933 3812 1107 3861 continentur
1118 3811 1159 3860 uel
1172 3813 1279 3861 tenetur
1291 3813 1349 3860 dett.
1374 3804 1383 3873 ΙΙ

314 3884 344 3927 to
364 3881 437 3943 paris
448 3874 549 3944 speciei
563 3882 589 3928 ot
600 3893 633 3928 ex
645 3892 726 3928 causa
739 3879 855 3929 Huschke
884 3879 894 3941 ΙΙ
931 3882 962 3927 46
981 3878 1083 3929 debes.
1101 3916 1106 3928 .
1123 3881 1239 3943 petas.
1255 3916 1261 3928 .
1278 3916 1284 3928 .
1301 3883 1329 3928 t7
1342 3891 1383 3927 ca·

313 3947 355 3997 dis
372 3948 501 4009 Gotocios,
518 3948 612 3998 debuit
627 3947 757 4009 (debitum
771 3949 806 4010 M]
823 3985 828 3997 .
845 3984 851 3996 .
868 3985 874 3996 .
889 3951 980 4012 petat.
997 3985 1002 3997 .
1020 3985 1025 3996 .
1041 3948 1222 3998 caditeocttceo
1262 3948 1273 4011 ΙΙ
1315 3952 1343 3995 tu
1362 3948 1381 3995 et

313 4017 482 4068 institoribus
500 4019 549 4067 det.
567 4018 686 4068 Cotoetos
724 4017 734 4078 ΙΙ
776 4020 806 4064 20
826 4017 1023 4066 solidooodiees
1057 4017 1068 4078 li
1104 4020 1137 4065 22
1156 4019 1243 4067 iactus
1256 4029 1383 4067 commor-

313 4085 485 4136 oiumiaetus
497 4087 527 4146 L,
542 4087 628 4136 iactus
645 4087 772 4148 nactust*
786 4085 834 4146 Ma)
851 4086 1035 4135 conmercium
1048 4085 1149 4136 iactum
1163 4086 1192 4134 M
1230 4085 1240 4147 ΙΙ
1282 4089 1311 4134 23
1330 4098 1383 4134 sar·

313 4155 530 4205 ciuntureodices
560 4156 571 4218 11
603 4157 705 4205 iactum
718 4156 748 4215 t,
762 4154 856 4204 datum
869 4156 899 4203 M
