2922 4898
667 321 946 380 ...1.-

265 505 412 566 mutilum
435 503 591 584 adhibuit,
616 509 708 569 ouius
730 506 837 569 folium
861 509 999 587 primum
1024 527 1042 569 e
1065 520 1175 572 uetere
1198 529 1353 594 compage

266 591 401 653 solutum
425 591 458 652 in
480 593 590 672 pagina
614 603 700 655 reeta
722 593 799 654 haec
821 593 918 655 uerba
942 593 973 672 5,
999 595 1177 675 tprotibet
1272 645 1278 658 .
1308 599 1350 658 13

263 678 367 758 primo
391 677 463 759 lopo,
489 679 522 738 in
545 679 659 760 pagiua
682 697 776 741 uersa
799 679 874 741 haec
896 681 990 740 moris
1013 689 1108 742 sont.
1130 728 1137 742 .
1159 729 1166 742 .
1191 685 1354 746 inuetera-

266 771 315 824 tcs
337 772 369 824 et
390 771 556 843 praeterea
577 765 662 826 tituli
685 765 721 826 de
743 767 863 827 Latinis
893 765 1054 828 rubricam
1077 768 1269 850 initiumque
1292 790 1368 832 us-·

266 873 328 934 que
351 850 391 914 ad
411 852 446 928 6,
473 851 490 910 3
522 852 680 931 confirmat
708 851 991 932 complectebatur:
1025 851 1122 933 idque
1149 853 1258 918 folium
1288 858 1352 919 iste

266 942 393 1002 inuerso
416 935 526 999 ordine
550 938 593 998 ita
615 937 801 1018 descripsit,
833 948 870 1000 ut
899 955 1025 999 uersam
1054 941 1199 1020 paginam
1231 941 1354 1005 iaceret
1431 1001 1433 1008 .

266 1035 394 1087 rectam.
441 1032 547 1102 postea
578 1024 678 1086 titulis
708 1026 832 1086 numeri
862 1023 962 1086 additi
992 1035 1081 1104 sunt,
1115 1037 1150 1087 ut
1180 1029 1290 1090 titulus
1313 1029 1353 1092 dc

267 1111 382 1174 libertis
404 1109 527 1188 primus
550 1109 657 1188 fieret,
684 1117 715 1171 et
736 1119 808 1171 ante
832 1111 926 1172 huius
947 1110 1032 1170 tituli
1056 1111 1216 1174 rubricam
1239 1114 1280 1176 ad
1304 1118 1353 1176 si-

266 1194 478 1259 militudinem
509 1196 587 1275 legis
610 1197 765 1257 Romanae
793 1196 958 1258 titulorum
985 1196 1082 1258 index
1104 1201 1264 1278 praefixus
1287 1212 1348 1280 est,

266 1283 366 1346 uerba
388 1291 492 1344 autem
515 1300 614 1344 mores
639 1329 646 1342 .
668 1329 674 1342 .
697 1329 703 1342 .
729 1283 935 1359 inueteratae,
968 1284 1087 1364 quippe
1117 1295 1197 1364 quae
1228 1285 1269 1348 ad
1297 1291 1352 1348 in-

180 1377 182 1382 ’
266 1371 469 1451 scriptionem
493 1368 655 1448 Epitomae
677 1369 839 1448 pertinere
862 1368 1062 1447 uiderentur,
1090 1371 1121 1431 in
1146 1372 1248 1433 fronte
1272 1393 1353 1454 ope-

267 1459 311 1519 ris
340 1464 462 1518 retenta
491 1462 575 1516 sunt.
627 1455 660 1515 in
691 1473 726 1516 eo
753 1464 877 1517 tantum
905 1475 923 1516 a
950 1455 1132 1518 Mommseni
1169 1461 1349 1522 coniectura
1439 1505 1441 1530 .

267 1541 397 1621 recedo,
429 1542 514 1623 quod
542 1541 569 1602 is
599 1540 720 1602 hiatum
749 1543 804 1622 qui
831 1543 916 1602 inter
946 1543 978 1618 t,
1005 1543 1023 1600 9
1055 1544 1147 1603 11111
1181 1546 1351 1608 intercedit
1439 1541 1440 1568 ³

265 1630 432 1691 minimum
455 1647 524 1690 esse
547 1634 670 1706 putans·
686 1627 725 1688 ad
745 1629 878 1689 alterum
895 1629 1056 1708 Epitomae
1073 1627 1181 1690 folium
1197 1632 1230 1691 in
1247 1633 1350 1694 fronte

266 1715 417 1777 detritum
440 1715 548 1791 trahit,
574 1715 651 1774 mihi
675 1712 740 1775 folii
763 1715 858 1794 primi
881 1733 955 1794 pars
975 1714 1106 1775 inferior
1121 1717 1233 1778 mutila
1249 1717 1350 1781 fuisse

265 1799 409 1878 uidetur,
435 1811 470 1863 ut
492 1810 556 1862 tam
578 1800 662 1861 inter
686 1803 719 1878 i,
747 1802 765 1859 9
790 1809 821 1861 et
846 1801 877 1874 1,
908 1801 944 1860 10
970 1819 1063 1880 quam
1087 1811 1159 1862 ante
1183 1823 1215 1883 p.
1242 1804 1280 1883 5,
1310 1807 1348 1865 11

263 1888 353 1967 plura
377 1886 608 1949 interciderint.
724 1951 729 1965 ⁶

350 1974 385 2033 In
415 1971 539 2035 edendo
564 1971 688 2050 leiani
721 1972 899 2050 regularum
929 1971 1010 2032 libro
1040 1973 1184 2036 rubricas
1216 1987 1351 2056 propter

264 2057 422 2140 allegandi
444 2077 537 2120 usum
560 2058 692 2134 retinui,
726 2056 783 2117 sed
813 2067 848 2119 ut
870 2070 1038 2138 appareret
1061 2079 1113 2120 eas
1134 2061 1260 2141 leiani
1284 2083 1350 2124 non

266 2164 353 2222 esse,
388 2146 512 2207 uncinis
535 2143 698 2224 quadratis
721 2145 834 2223 saepsi.
885 2143 1021 2206 indicem
1045 2147 1207 2208 titulorum
1232 2148 1351 2212 codicis

264 2232 416 2309 Vaticani,
442 2233 497 2310 qni
520 2231 597 2292 adeo
620 2250 690 2291 cum
710 2230 871 2308 Epitomae
895 2232 995 2309 ipsius
1018 2231 1154 2294 rubricis
1177 2237 1348 2316 consentit,
1439 2245 1441 2254 “

264 2326 299 2378 ut
323 2337 396 2379 eum
418 2317 457 2378 ad
479 2318 656 2396 proximum
680 2316 774 2377 huius
797 2314 913 2376 codicis
932 2318 1124 2400 archetypon
1140 2323 1351 2399 compositum

265 2422 334 2465 esse
352 2404 524 2465 uerisimile
539 2403 588 2481 sit,
615 2421 677 2462 non
694 2401 811 2481 recepi.
851 2404 885 2462 in
901 2413 1081 2465 contextum
1097 2406 1278 2484 regularum
1295 2428 1352 2469 eos

264 2507 391 2569 quoque
413 2490 505 2566 lotoe,
533 2507 611 2568 quos
633 2487 673 2548 ab
689 2487 832 2567 Epitoma
854 2489 984 2550 omissos
1008 2490 1134 2550 Collatio
1152 2492 1204 2552 nel
1220 2494 1352 2577 Digesta

265 2585 447 2654 seruarent,
480 2576 615 2636 stellulis
644 2574 795 2654 adpositis
818 2577 952 2636 restitui.
999 2577 1164 2656 Epitcmen
1187 2577 1228 2639 ad
1251 2579 1350 2640 fidem

265 2663 436 2742 apographi
454 2662 626 2723 Brunniani
649 2658 690 2740 (p.
708 2660 718 2718 1
741 2669 805 2720 not.
821 2660 850 2740 2)
873 2661 976 2722 edidi:
996 2663 1161 2724 nonnullos
1176 2673 1284 2725 tamen
1301 2667 1352 2726 lo-

264 2767 316 2809 cos
331 2747 523 2809 difficiliores
539 2750 607 2828 ipse
619 2749 731 2808 Romae
744 2765 773 2806 a.
787 2747 867 2806 1868
881 2749 914 2808 in
925 2747 1113 2810 bibliotheca
1126 2751 1274 2812 Vaticana
1290 2770 1353 2813 ex-

263 2835 414 2896 aminaui.
454 2837 487 2894 in
510 2836 592 2895 notis
614 2834 718 2895 uarias
736 2832 851 2894 codicis
867 2835 1007 2895 Vaticani
1027 2835 1079 2915 (=
1097 2835 1132 2918 C)
1147 2835 1166 2918 ¹)
1194 2837 1351 2900 lectiones

264 2939 372 2981 omnes
394 2929 523 3000 praeter
545 2919 799 3000 orthographicas
821 2913 972 2997 indicaui,
999 2921 1159 2982 interdum
1183 2941 1223 2983 ne
1247 2925 1259 2984 t'
1282 2933 1350 2986 ete
1439 2917 1441 2996 1

264 3005 392 3085 quidem
415 3006 589 3068 litterarum
613 3007 884 3066 commutationem
907 3009 1083 3086 praeterire
1106 3009 1202 3087 uolui,
1228 3009 1285 3070 ubi
1306 3009 1349 3074 de

262 3111 339 3153 uera
360 3093 494 3152 lectione
517 3092 657 3154 dubitari
679 3109 770 3170 posse
793 3091 971 3154 uideretur.

261 3244 558 3258 ΛΜνκΛΛΛΙνκΝΝΛΛΛΛΛΙΨ
564 3247 575 3257 (x
581 3246 632 3258 ινυυ
637 3246 719 3259 &mmm
723 3246 766 3258 svm
773 3246 968 3259 ’ν-,ΛΛΛΛΑυωωυ
972 3247 1347 3265 vavvvwvvxfllvvvwwwvvv

332 3329 349 3391 11
372 3332 402 3380 ln
420 3330 634 3380 correctionibus
654 3331 758 3382 codicis
774 3331 807 3394 C,
827 3332 875 3382 ubi
893 3333 950 3382 fieri
964 3334 1065 3396 potuit,
1086 3334 1230 3394 adnotant,
1251 3339 1347 3388 utrum

263 3399 314 3462 ipsi
331 3398 443 3449 librario
461 3413 496 3448 an
513 3400 588 3450 alteri
608 3401 699 3448 manui
719 3415 787 3464 quae
806 3399 860 3450 fere
880 3402 1001 3464 aequalis
1020 3405 1060 3452 est
1077 3403 1240 3453 debeantur:
1275 3420 1349 3456 non·
1439 3403 1441 3470 Ϊ

262 3467 363 3517 nullae
377 3481 459 3517 manu
472 3481 542 3518 saec.
557 3467 618 3516 XVI
631 3469 767 3532 adscripta
781 3483 839 3520 esse
852 3483 902 3518 suo
916 3469 976 3520 loco
990 3473 1219 3523 commemorabo.
