2922 4898
476 367 559 378 ....
606 335 645 397 13
690 369 776 379 ....
1035 335 1093 398 up.
1110 335 1164 383 ao

75 522 289 604 impenderit,
316 522 452 584 diuortio
474 521 553 584 faoto
573 543 612 584 eo
627 525 754 585 nomine
770 539 884 584 cauere
900 522 960 584 sibi
975 524 1050 584 solet
1065 525 1166 602 stipu-

75 611 197 673 latione
212 608 396 691 tribunicia.

38 695 54 752 l
167 697 204 757 ln
234 705 387 777 potestate
417 705 587 776 parentum
614 705 689 757 sunt
714 696 807 757 etiam
834 696 866 756 hi
893 693 998 774 liberi,
1032 714 1165 776 quorum

76 801 176 844 eausa
198 781 331 862 probata
354 791 416 860 est,
443 801 501 862 per
524 800 661 842 errorem
685 791 841 843 contracto
865 783 1061 842 matrimonio
1081 783 1166 842 inter

77 869 221 948 disparis
242 867 432 929 condicionis
453 886 621 948 personas:
647 887 721 929 nam
743 887 799 929 seu
815 867 894 929 ciuis
909 869 1066 929 Romanus
1082 869 1197 928 Lati-⁵

76 973 153 1016 nam
176 964 231 1016 aut
251 955 451 1035 peregrinam
473 954 526 1015 uel
549 973 616 1015 eam
639 972 720 1034 quae
737 952 955 1028 dediticiorum
972 973 1101 1014 numero
1118 963 1165 1015 est
1245 971 1249 978 “

77 1042 171 1121 quasi
183 1042 283 1102 niuem
297 1037 464 1101 Romanam
486 1059 544 1120 per
560 1040 765 1120 ignorantiam
780 1058 912 1100 uxorem
929 1038 1072 1117 duxerit,
1098 1041 1165 1101 siue

78 1128 163 1188 ciuis
178 1128 315 1188 Romana
336 1145 394 1207 per
414 1145 553 1188 errorem
576 1127 744 1206 peregrino
760 1126 813 1187 uel
829 1127 858 1186 ei
874 1127 929 1205 qui
946 1124 1165 1187 dediticiorum

77 1230 215 1274 numero
238 1222 286 1274 est
308 1215 400 1294 quast
412 1214 476 1274 ciui
488 1214 621 1273 Romano
636 1221 690 1273 aut
705 1213 798 1274 otiam
814 1212 905 1291 quasi
922 1213 1027 1274 Latino
1043 1212 1165 1292 exlege

78 1298 171 1360 Aelio
187 1299 288 1360 sentia
305 1308 403 1378 nupta
419 1299 528 1373 fuerit,
555 1317 647 1360 eausa
669 1297 801 1377 probata
823 1298 934 1360 oiuitas
950 1299 1087 1367 Romano
1109 1297 1166 1359 da·
1186 1307 1215 1351 ιι

79 1394 134 1446 tur
149 1395 212 1446 tam
229 1383 340 1446 liberis
356 1404 449 1464 quam
465 1384 651 1465 parentibus
666 1392 793 1465 praeter
808 1402 860 1446 eos
876 1385 931 1464 qui
947 1382 1165 1445 dediticiorum

78 1489 215 1532 numero
231 1481 316 1549 sunt,
334 1483 365 1532 et
380 1491 420 1532 ex
435 1490 470 1532 eo
487 1471 566 1532 fiunt
582 1472 614 1531 in
630 1478 784 1551 potestate
800 1479 968 1551 parentum
984 1469 1088 1531 liberi.

434 1728 496 1809 [uu
539 1745 575 1788 ur
598 1726 818 1808 snorrrormrs]

44 1867 55 1925 l
169 1867 237 1927 Non
255 1875 377 1927 tantum
392 1866 554 1926 naturales
569 1863 663 1926 liberi
679 1867 712 1925 in
727 1873 880 1945 potestate
896 1873 1063 1945 parentum
1079 1874 1163 1944 sunt,

42 1954 60 2012 2
80 1953 141 2016 sed
164 1952 257 2013 etiam
280 1951 429 2032 adoptiui.
476 1950 610 2031 Adoptio
641 1951 674 2011 fit
703 1960 756 2012 aut
778 1971 836 2030 per
858 1951 1009 2030 populum
1032 1959 1086 2012 aut
1108 1971 1167 2031 per
1186 1960 1215 2006 ⁴⁵

80 2049 259 2121 praetorem
276 2038 328 2100 uel
342 2037 523 2118 praesidem
539 2038 732 2118 prouinciae.
772 2037 826 2098 illa
841 2035 985 2117 adoptio,
1011 2055 1093 2117 quae
1109 2057 1167 2119 per

43 2125 61 2187 3
80 2126 237 2207 populum
253 2125 304 2202 fit,
328 2124 507 2204 specialiter
528 2123 687 2203 adrogatio
704 2122 831 2212 dieitur.
871 2125 929 2184 Per
943 2125 1096 2204 populum
1111 2125 1166 2204 qui

80 2214 133 2275 sui
149 2213 229 2273 iuris
244 2221 318 2272 sunt
333 2209 537 2290 adrogantur:
565 2229 623 2290 per
644 2218 821 2289 praetorem
837 2219 943 2271 autem
959 2210 1015 2270 lilii
1030 2209 1166 2272 familiae

44 2299 60 2357 t
81 2319 99 2361 a
122 2296 309 2379 parentibus
332 2297 449 2358 dantur
467 2297 499 2357 in
516 2295 724 2377 adoptionem.
764 2293 931 2376 Adrogatio
946 2297 1060 2356 Romae
1076 2295 1167 2357 doat-

81 2393 176 2448 tnaeot
197 2384 248 2461 fit,
274 2382 398 2463 adoptio
420 2392 524 2443 autem
548 2385 640 2444 etiam
657 2383 688 2443 in
706 2382 876 2463 prouinciis
891 2381 976 2461 apud
992 2382 1163 2462 praesides.
1185 2391 1216 2435 20

45 2469 62 2528 5
82 2474 141 2533 Per
164 2479 341 2551 praetorem
362 2469 413 2530 uel
435 2469 608 2548 praesidem
632 2470 814 2548 prouinciae
836 2467 977 2548 adoptari
998 2477 1062 2529 tam
1083 2488 1168 2530 mas-

7 2635 9 2640 ·
83 2558 146 2619 ouli
169 2575 265 2636 quam
287 2554 439 2631 feminae,
471 2566 501 2616 et
523 2565 587 2615 tam
610 2554 748 2635 puberes
770 2573 865 2635 quam
889 2553 1072 2634 impuberes
1094 2574 1168 2634 pos-

82 2651 176 2706 sunt:
203 2661 262 2722 per
277 2642 428 2722 populum
443 2661 519 2702 uero
534 2642 709 2703 Romanum
725 2641 861 2702 feminae
877 2660 940 2702 non
955 2639 1164 2721 adrogantur:

83 2729 196 2810 pupilli
225 2735 317 2788 natea
344 2726 474 2807 quidem
500 2746 563 2788 non
589 2737 734 2806 poterant
760 2726 918 2807 adrogari,
948 2745 1034 2788 nuno
1061 2736 1168 2788 autem
1251 2740 1253 2744 ’

7 2873 8 2894 ,
47 2821 63 2877 6
82 2823 216 2896 possunt
232 2833 273 2875 ex
287 2813 509 2880 constitutione
527 2813 593 2874 diui
608 2811 769 2874 Antonini.
809 2815 846 2873 Hi
866 2813 920 2892 qui
937 2831 1087 2892 generare
1103 2831 1166 2872 non
1186 2820 1217 2865 ²5

7 2911 8 2926 ¹
81 2910 231 2982 possunt,
244 2901 334 2961 uelut
349 2898 457 2979 spado,
482 2909 615 2980 utroque
632 2898 722 2960 modo
739 2909 869 2978 possunt
884 2898 1044 2976 adoptare.
1081 2897 1165 2958 idem

46 2991 63 3050 7
82 2989 163 3050 iuris
178 2995 226 3049 est
241 2987 273 3046 in
290 3005 421 3065 persona
439 2985 577 3046 oaelibis.
623 2986 701 3047 Item
717 2986 814 3065 isqui
830 2984 928 3044 filium
946 2986 1007 3045 non
1023 2983 1118 3045 habet
1134 2985 1167 3046 in

46 3079 63 3136 8
82 3075 185 3136 looum
201 3073 323 3152 nepotis
339 3070 487 3152 adoptare
503 3081 614 3152 potest.
649 3073 680 3132 si
697 3081 786 3151 pater
801 3069 937 3132 familiae
952 3069 1167 3150 adrogandum

83 3180 116 3222 se
144 3158 288 3236 dederit,
318 3157 410 3219 liberi
436 3176 561 3238 quoque
589 3159 657 3219 eius
684 3159 774 3238 quasi
800 3167 930 3237 nepotes
957 3156 990 3217 in
1013 3165 1166 3237 potestate

33 3249 66 3306 8²
83 3247 164 3308 fiunt
186 3245 389 3324 adrogatoris.
436 3246 582 3305 Feminae
606 3263 680 3306 uero
703 3253 814 3305 neutro
838 3243 928 3305 modo
951 3253 1083 3324 possunt
1110 3242 1168 3305 ad·
1185 3251 1215 3296 ³⁰

84 3343 204 3414 optare,
224 3332 372 3411 quoniam
388 3349 446 3390 neo
461 3331 621 3392 naturales
637 3329 753 3390 liberos
769 3331 802 3390 in
818 3339 970 3409 potestate
987 3330 1115 3392 habent.

83 3575 94 3586 h
135 3569 547 3585 ΝΛΛΛΛΛΛΜΜΛΛΛΛΙΝΛΛΜΛΝᾺ
551 3570 1167 3584 ἉΛΜΜΝΛΛΝΜΨἋΛΛΛΝΧΝΝΝΜΜΜ,

154 3749 163 3793 t
187 3745 276 3795 solent
292 3743 311 3794 0
327 3739 337 3808 ll
355 3747 368 3791 5
383 3743 505 3807 dispares
518 3743 661 3805 condignis
673 3755 852 3807 personarum
868 3743 887 3793 C
904 3740 914 3810 ll
932 3747 946 3791 t
962 3756 1106 3792 numerum
1122 3741 1142 3792 C
1158 3738 1167 3806 Η

7 3809 9 3820 “
84 3816 208 3864 Ἱεὶιιεῐη
222 3826 364 3862 romanam
378 3813 515 3875 Boeelctnp,
530 3813 616 3862 enac
643 3806 653 3876 ΙΙ
682 3811 897 3862 9numerumC
924 3808 933 3876 ΙΙ
963 3812 1164 3876 quasioiuiro-

7 3917 8 3920 ,
83 3897 164 3934 mano
178 3883 303 3944 Hollweg,
319 3895 368 3930 om.
386 3881 405 3932 C
429 3877 439 3947 ΙΙ
466 3885 496 3929 ιι
511 3881 580 3930 aelia
593 3881 689 3944 sentia]
704 3881 777 3930 ascia
794 3880 813 3931 C
835 3879 845 3947 ll
869 3895 980 3930 romana
992 3880 1073 3929 datur
1085 3880 1165 3928 Boeo-

7 3951 8 3988 ἶ
83 3953 152 4015 king,
173 3948 341 4002 reddaturC
375 3945 385 4015 ll
421 3954 450 3998 ta
471 3949 650 4000 numerumC
683 3945 693 4015 ll
729 3953 759 3998 49
779 3949 961 4014 adoptioneC
988 3945 998 4013 ΙΙ
1027 3949 1166 3998 dumtaxat

7 4051 8 4054 =
84 4022 243 4078 Lacunam,
265 4018 534 4081 dataC(cs.22,52)
564 4016 573 4083 Η
603 4018 825 4083 toprouinoiat'
852 4015 863 4082 ΙΙ
892 4022 923 4066 2³
937 4016 1052 4066 feminae
1070 4015 1111 4076 Gt,
1126 4014 1165 4065 le-

83 4091 172 4140 minae
191 4087 305 4152 quidem
321 4083 354 4138 Cb
373 4089 626 4149 (manasseeoodm)
658 4084 668 4154 ΙΙ
697 4087 856 4150 arrogante
888 4083 898 4152 ΙΙ
932 4085 1163 4144 transeantur,

7 4197 8 4200 ,
84 4157 208 4208 autemC
243 4153 254 4222 ΙΙ
290 4156 552 4221 tomodopotestC
