2926 4888
485 331 571 342 ...-
616 297 677 358 159
721 331 806 344 ....
1046 244 1108 362 le„
1121 297 1183 346 inst.

101 483 210 545 modat
226 501 304 560 rem,
329 485 374 546 sic
389 484 573 562 commodat,
598 493 632 546 ut
649 504 710 546 non
725 485 819 548 faciat
835 504 902 546 rem
917 485 1112 566 accipientis
1130 483 1187 546 sed

100 578 137 630 ut
152 570 183 630 ei
199 565 256 648 utli
272 589 307 630 re
323 569 516 632 commodata
532 573 702 650 permittat.

188 657 337 717 Locatum
368 675 494 736 quoque
525 667 556 719 et
585 656 773 718 conductum
801 659 852 718 ius
878 658 1018 736 gentium
1046 654 1181 717 induxit.

101 759 176 802 nam
200 760 325 821 exque
348 744 510 822 coepimus
533 743 747 821 possessiones
769 744 969 830 proprias‘et
986 761 1037 803 res
1053 741 1182 819 habere,

102 837 135 887 et
155 826 282 888 locandi
304 829 354 889 ius
375 830 482 889 nancti
498 846 607 890 sumus
623 838 656 890 et
670 828 869 890 conducendi
885 848 936 890 res
951 830 1085 891 alienas:
1112 837 1144 888 et
1159 829 1186 890 is
1205 838 1218 883 t

101 915 157 992 qui
173 912 327 975 conduxit
342 916 412 975 iure
428 915 570 994 gentium
585 924 714 976 tenetur
725 914 764 976 ad
777 914 956 978 mercedem
968 913 1186 976 exsoluendam

636 1087 658 1129 11

103 1187 215 1250 reddis
237 1207 318 1268 quae
338 1190 495 1268 accepisti,
523 1187 580 1250 sed
602 1187 693 1249 aliam
717 1189 884 1268 pecuniam
901 1187 1044 1250 eiusdem
1059 1188 1187 1268 quanti·-

101 1275 188 1336 tatis.
229 1282 358 1336 mutuae
374 1285 479 1336 autem
496 1274 564 1336 dari
581 1282 712 1354 possunt
727 1293 778 1335 res
794 1293 857 1335 non
873 1276 969 1354 aliae,
995 1293 1090 1355 quam
1106 1291 1186 1354 quae

102 1360 247 1442 pondere
263 1379 394 1422 numero
411 1379 559 1422 mensura
574 1361 784 1422 continentur.
1206 1370 1236 1415 to

189 1447 330 1527 Depositi
346 1465 472 1527 quoque
487 1447 656 1508 utilitatem
671 1448 721 1507 ius
737 1447 877 1526 gentium
893 1445 1045 1527 perdidit,
1063 1455 1099 1508 ut
1114 1447 1186 1525 quis

102 1531 344 1595 custodiendam
359 1553 426 1594 rem
442 1551 532 1594 suam
547 1533 714 1594 animalem
731 1533 782 1593 uel
796 1529 807 1615 ll

629 1704 663 1747 ru

9 1891 10 1894 Ἴ
102 1801 322 1890 coctssparatum
338 1816 386 1868 est
402 1804 605 1868 interdictum
621 1774 715 1868 uelut
726 1806 777 1868 cui
793 1804 921 1885 iniltt'um
937 1814 981 1868 est

631 1980 661 2020 iv
1205 1971 1236 2018 45

105 2077 195 2165 {quae
218 2075 675 2163 dusesnassasuuenrssesrl
701 2079 924 2159 adipiscendae
946 2098 1040 2159 quam
1063 2082 1186 2160 recipe-

102 2165 223 2228 randae
249 2167 470 2246 possessionis,
505 2166 609 2246 qualia
632 2175 706 2227 sunt
728 2165 896 2226 interdicta
918 2183 995 2236 orru
1018 2185 1134 2228 rrnnvu
1156 2175 1186 2228 et

102 2271 182 2324 orsu
205 2270 416 2314 uumnrmrru.
453 2271 525 2313 nam
542 2253 569 2313 si
585 2250 718 2313 fundum
734 2253 787 2313 uel
802 2251 1012 2313 hereditatem
1027 2252 1186 2333 abaliquo

103 2349 211 2420 petam
227 2357 286 2399 nec
301 2338 340 2398 lis
355 2335 563 2414 defendatur,
589 2339 710 2418 cogitur
731 2337 771 2399 ad
795 2357 845 2399 me
866 2337 1038 2400 transferre
1061 2357 1188 2420 posses-

9 2413 18 2442 ³'
102 2425 244 2502 sionem,
269 2425 338 2485 siue
361 2442 532 2503 numquam
555 2422 682 2504 possedi
704 2426 773 2486 siue
795 2433 864 2486 ante
882 2421 1030 2509 possdldi,
1068 2423 1186 2487 deinde
1205 2437 1237 2482 4ο

41 2545 43 2550 -
103 2511 195 2572 amisi
211 2507 448 2593 possessionem!
1213 2545 1216 2550 -

638 2684 655 2724 V

9 2799 11 2868 ,
104 2783 268 2868 4-
288 2792 344 2845 cut
361 2803 419 2865 per
437 2784 603 2865 formulam
624 2783 823 2846 arbitrariam
845 2783 1046 2862 explicantur
1060 2793 1113 2844 aut
1129 2803 1187 2863 per

104 2871 325 2952 sponsionem,
347 2870 551 2951 prohibitoria
566 2890 644 2933 uero
658 2889 776 2951 semper
791 2889 850 2949 per
866 2871 1067 2949 sponsionem
1083 2870 1187 2948 expli-

104 2967 235 3019 cantur:
262 2957 452 3018 restitutorio
475 2958 528 3019 uel
550 2956 737 3018 exhibitorio
753 2954 918 3016 interdicto
933 2953 1056 3016 reddito
1066 2956 1098 3016 si
1114 2957 1187 3034 qui·
1205 2967 1236 3013 aa

9 3063 11 3070 ·
104 3043 177 3106 dem
200 3042 354 3104 arbitrum
375 3043 582 3123 postulauerit
598 3044 625 3103 is
641 3061 712 3104 cum
728 3061 789 3122 quo
804 3043 925 3121 agitur,
952 3040 1118 3102 formulam
1134 3060 1188 3102 ac-

9 3205 11 3212 ,
104 3131 178 3211 ct'pit
191 3127 403 3207 arbitrariam,
421 3147 480 3210 per
494 3148 590 3210 quam
605 3127 727 3190 arbiter
740 3123 750 3212 ΙΙ

104 3299 857 3314 maemmvmmwmmwnmmmmnnmmiſsmssmwfl
863 3298 1116 3312 ΠΛΛΜΛΛΛΛΙἾΛΛΛΛΛΑ
1121 3299 1187 3314 Aram,

175 3403 406 3454 sexsolucndam
419 3405 529 3468 Redorff
564 3403 576 3467 ΙΙ
617 3407 711 3452 Scato
722 3402 815 3454 reddis
827 3403 917 3465 mepte
928 3416 984 3453 non
997 3403 1092 3454 eadem
1106 3418 1188 3454 num-

105 3485 215 3522 morum
228 3485 342 3537 corpora
382 3472 393 3535 ll
436 3477 466 3522 ts
486 3487 555 3537 quae
568 3472 594 3536 d]
609 3475 685 3523 tertia
697 3473 783 3522 littera
795 3474 837 3522 aet
849 3487 863 3522 e
875 3472 917 3521 ael
929 3486 945 3522 c
956 3474 999 3522 aet
1010 3472 1018 3521 l
1031 3477 1078 3532 est,
1093 3478 1188 3534 oborto

104 3543 147 3592 uel
160 3541 178 3591 d
190 3543 233 3592 cal
246 3555 262 3590 c
274 3541 316 3590 uel
328 3555 343 3590 e
355 3543 437 3591 uelo:
459 3544 612 3592 sententiam
630 3541 729 3591 collatis
748 3540 806 3604 Dtp.
822 3543 864 3601 it,
880 3545 904 3602 4,
919 3545 944 3601 t,
959 3545 973 3590 s
990 3544 1036 3605 fin.
1056 3544 1093 3591 ste
1110 3543 1188 3591 resti-

104 3615 178 3661 tuere
187 3613 273 3672 poeste
285 3613 348 3659 sunt
363 3613 389 3660 et
403 3611 456 3660 alia
466 3610 601 3675 quaedam
616 3610 760 3659 interdicta
774 3610 894 3673 duplicia
904 3613 959 3660 tam
971 3609 1163 3674 adipiscendae
1180 3607 1190 3675 ΙΙ

106 3683 139 3728 49
158 3677 322 3746 delendatO
350 3679 361 3742 ΙΙ
390 3684 449 3740 post
468 3681 574 3744 cogitur
590 3681 618 3729 tn
634 3678 653 3728 G
670 3681 819 3742 stpeumff-
830 3683 912 3737 octat,
932 3680 998 3740 quod
1015 3681 1043 3728 ui
1058 3679 1138 3741 fallor
1155 3680 1189 3728 cd

105 3749 232 3798 solicitum
242 3750 358 3810 marcini
369 3749 442 3798 bodie
453 3750 566 3798 abscisso
577 3749 737 3809 wernerum
747 3750 854 3798 remittit
894 3746 905 3810 ΙΙ
947 3750 977 3795 at
999 3760 1107 3812 semper
1123 3759 1189 3810 pro-

104 3816 235 3867 hibitoria
247 3830 314 3866 uero
329 3815 357 3875 C,
372 3817 518 3867 emendanti
531 3818 641 3880 Rcdorff
649 3817 740 3866 collato
755 3815 820 3866 Gaio
832 3819 856 3877 t,
873 3819 916 3864 444
951 3816 962 3878 ll
990 3819 1021 3864 sl
1036 3818 1188 3866 sententiam

104 3886 199 3935 colluto
214 3883 279 3934 Gato
292 3887 316 3945 t,
332 3889 390 3934 4442.
407 3888 454 3934 463
466 3885 522 3947 fere
533 3899 592 3935 cam
603 3885 732 3935 Hueoblc'o
743 3887 780 3934 sic
792 3886 898 3946 emptae:
918 3885 970 3934 nisi
988 3884 1121 3934 arbitratu
1138 3897 1187 3934 suo

105 3957 268 4005 restituetur
279 3954 323 4004 uel
336 3953 504 4013 exhibeatur,
519 3955 613 4018 quanti
626 3968 658 4004 ea
670 3966 713 4004 res
725 3956 765 4004 est
778 3954 959 4004 condemnare
972 3952 1081 4003 iubetur
