2922 4898
500 365 585 378 —-
629 331 669 396 37
713 367 799 379 --
1082 333 1142 398 vrp.
1159 337 1190 387 n

106 539 168 582 nus
183 537 281 598 quam
296 527 418 600 partem
434 517 598 581 dimidiam
613 519 768 582 bonorum
784 529 914 601 patrono
930 521 1097 600 relinquat,
1116 540 1192 582 con-

106 617 155 667 tra
170 604 295 666 tabulas
316 607 494 666 testamenti
509 607 608 686 partis
629 605 777 672 dimidiae
799 605 954 670 bonorum
975 609 1130 687 possessio
1146 608 1190 668 illi

107 690 218 766 datur,
245 692 308 752 nisi
324 689 457 753 libertus
479 691 618 772 aliquem
634 711 675 754 ex
688 691 885 754 naturalibus
906 691 1014 754 liberis
1030 711 1191 755 successo·

106 797 175 838 rem
191 775 254 839 sibi
270 777 446 856 relinquat,
471 778 540 840 siue
555 779 701 839 intestato
716 777 850 843 decedat
871 787 1047 840 eburnam
1063 777 1140 840 lorte
1156 779 1189 840 in

107 882 205 924 mann
226 863 280 924 uel
294 861 479 943 adoptiuum
501 863 601 925 lilium
622 864 797 944 relinquat,
823 883 924 944 aeque
946 866 1045 944 partis
1066 863 1223 926 medices

106 949 263 1011 bonorum
279 949 433 1028 possessio
448 958 552 1010 contra
570 967 642 1011 suos
656 949 792 1013 heredes
806 959 937 1030 patrono
951 949 1055 1012 datur.

68 1038 88 1098 2
195 1036 231 1096 ln
252 1033 343 1095 bonis
365 1033 497 1096 libertae
524 1045 653 1116 patrono
675 1033 755 1096 nihil
780 1037 860 1098 iuris
887 1055 927 1097 ex
948 1035 1052 1098 edicto
1076 1034 1184 1098 datur:

108 1123 217 1201 itaque
239 1139 297 1182 seu
316 1166 493 1182 .......
505 1123 521 1182 ’.
539 1140 593 1182 een
614 1122 761 1184 intestata
783 1122 935 1183 moriatur
955 1120 1086 1198 liberta,
1106 1141 1191 1182 sem-

106 1225 167 1288 per
182 1205 223 1268 ad
239 1225 312 1268 eum
327 1205 488 1268 hereditas
503 1209 659 1287 pertinet,
677 1208 750 1268 lieet
764 1207 858 1269 liberi
873 1209 936 1270 sint
949 1206 1092 1286 libertae,
1111 1226 1191 1288 quo-

68 1297 86 1356 3
107 1295 195 1354 niam
216 1311 278 1353 non
294 1301 368 1354 sunt
391 1293 440 1356 sui
458 1292 593 1355 heredes
608 1295 719 1372 matri,
740 1301 777 1355 nt
797 1291 919 1356 obstent
939 1303 1080 1374 patrono.
1126 1296 1191 1354 Lex
1208 1307 1239 1354 to

6 1433 9 1448 ,
107 1378 202 1458 Papia
221 1379 365 1458 Poppaeo
384 1388 493 1458 postea
506 1377 637 1442 libertas
651 1388 801 1459 quattuor
815 1378 988 1442 liberorum
1009 1380 1077 1441 iure
1090 1381 1191 1440 tutela

106 1475 313 1546 patronorum
340 1462 504 1526 liberauit:
530 1473 653 1526 etcum
680 1466 823 1526 intulerit
844 1467 905 1526 iam
931 1484 1023 1546 posse
1046 1484 1100 1526 eas
1120 1467 1189 1528 sine

106 1551 291 1612 auctoritate
314 1558 516 1630 patronorum
530 1551 659 1629 testari,
677 1551 856 1632 prospexit,
882 1560 918 1612 ut
931 1569 989 1631 pro
1003 1570 1135 1612 numero
1151 1552 1191 1614 li-

107 1637 260 1698 berornm
281 1635 415 1698 libertae
437 1637 639 1716 superstitum
655 1637 759 1699 uirilis
780 1655 854 1717 pars
869 1646 999 1718 patrono
1022 1635 1186 1698 debeatur.

68 1726 87 1785 l
107 1722 216 1784 Liberi
236 1722 360 1802 patmni
376 1722 479 1783 uirilis
498 1722 729 1784 sexuseadem
744 1723 814 1784 iura
835 1725 869 1784 in
889 1722 981 1784 bonis
1001 1721 1187 1784 libertorum
1207 1737 1239 1784 cs

68 1810 277 1889 bparentum
296 1826 426 1869 suorum
448 1806 583 1888 habent,
602 1827 684 1888 quae
707 1817 738 1870 ct
759 1809 827 1889 ipse
849 1817 1020 1889 patronas„
1043 1809 1189 1870 Feminae

6 1969 7 1972 Ἴ
104 1913 186 1956 uero
211 1895 341 1974 exlege
362 1893 493 1973 quidem
516 1893 684 1956 duodecim
702 1893 884 1956 tabularum
905 1893 1040 1975 perinde
1061 1895 1111 1955 ius
1133 1895 1190 1956 lra-

6 2047 7 2050 ,
107 1979 199 2058 beat,
217 1989 312 2060 atque
327 1980 459 2041 masculi
474 1989 676 2060 patronarum
691 1979 795 2042 liberi.
820 1989 929 2041 contra
941 1979 1068 2042 tabulas
1083 1989 1189 2042 autem

6 2069 8 2128 l
104 2067 293 2128 testamenti
311 2065 417 2127 liberti
439 2077 493 2129 aut
515 2065 556 2128 ab
578 2068 724 2128 intestato
745 2076 853 2128 eontra
875 2085 948 2128 sues
969 2064 1105 2128 heredes
1126 2085 1189 2128 nan

104 2153 270 2214 naturales
281 2150 434 2214 bonorum
445 2153 600 2231 possessio
606 2153 657 2214 eis
669 2171 730 2213 non
743 2155 891 2232 competit
902 2173 908 2213 :
920 2151 981 2214 sed
992 2153 1020 2214 si
1032 2153 1081 2213 ius
1092 2153 1190 2217 trium
1208 2163 1239 2210 so

106 2238 284 2300 liberorum
304 2237 501 2317 babuerunt,
530 2239 625 2300 etiam
651 2239 725 2301 haee
747 2239 816 2300 iura
837 2257 879 2300 err
902 2239 971 2318 lege
994 2239 1088 2318 Papia
1109 2239 1190 2318 l’op-

6 2369 8 2410 ,
68 2328 188 2405 hpaea
208 2324 444 2388 nanciscuntur.
484 2325 634 2386 Patronae
662 2326 694 2385 c'n
715 2323 807 2386 bonis
832 2323 1018 2388 libertorum
1040 2323 1120 2386 illud
1139 2325 1190 2386 ius

6 2421 7 2472 3
107 2419 234 2472 tantum
248 2409 419 2490 habebant,
444 2409 529 2490 quod
552 2411 604 2472 lex
617 2409 785 2472 duodecim
797 2409 979 2474 tabularum
995 2408 1187 2472 introduxit:

107 2495 168 2558 sed
189 2504 297 2576 postea
311 2496 364 2558 lex
378 2497 471 2576 Papia
486 2497 633 2578 inpennae
652 2506 802 2576 patronae
816 2495 942 2558 duobus
961 2495 1072 2557 liberis
1092 2496 1190 2556 bono-
1305 2524 1307 2528 ·

6 2571 7 2624 Ῐ
107 2591 215 2660 ratae,
234 2580 520 2660 libertinaeltribus
528 2629 537 2662 ,
564 2581 597 2643 id
612 2582 691 2643 iuris
706 2581 809 2663 dedit,
827 2582 912 2663 quod
926 2593 1078 2663 patronus
1094 2581 1190 2643 habet
1208 2594 1239 2641 ts

6 2719 7 2742 ἶ
68 2673 87 2732 7
108 2688 151 2730 ex
166 2667 277 2730 edicto.
303 2669 381 2730 ltem
396 2668 553 2748 ingenuae
566 2669 663 2730 trium
679 2667 852 2730 liberorum
868 2670 937 2730 iure
953 2670 1120 2729 honoratae
1136 2686 1190 2729 ea-

6 2793 7 2842 3
104 2754 184 2817 dem
199 2753 252 2814 lex
264 2752 300 2816 id
315 2754 364 2816 ius
375 2753 475 2834 dedit,
491 2752 578 2834 quod
594 2755 654 2834 ipsi
668 2763 801 2834 patrona
816 2754 940 2817 tribuit.

105 2921 1135 2950 wvwwemthwnwnmpnmmmmmmwnmvwmvm
1139 2921 1190 2935 ννν

179 3034 195 3080 t
213 3028 356 3079 dimidiam
372 3028 391 3080 G
413 3027 425 3090 ΙΙ
449 3031 463 3078 t
482 3029 630 3079 manumC
652 3028 664 3092 ΙΙ
688 3033 702 3079 8
721 3030 842 3079 lacunam
853 3029 882 3076 tn
896 3025 916 3076 G
929 3027 1134 3077 nmtndtcatam
1146 3027 1191 3076 ot-

6 3151 7 3154 ,
108 3100 229 3150 samaa
241 3099 407 3147 Lachmann:
426 3098 607 3148 maneantur
622 3097 678 3160 scre
690 3098 769 3147 talia:
789 3110 837 3147 seu
849 3097 941 3146 testari
952 3094 1070 3146 uoluerit
1082 3094 1189 3154 liberta,

108 3170 138 3218 in
151 3168 257 3232 patroni
270 3169 403 3231 potestate
416 3169 481 3228 crat,
502 3179 535 3216 nc
547 3167 707 3216 testamento
720 3169 816 3216 auctor
828 3163 913 3225 fieret,
933 3165 962 3214 in
975 3178 1029 3229 quo
1041 3164 1099 3229 ipse
1112 3163 1191 3214 heres

109 3238 251 3287 institutus
262 3249 319 3285 non
331 3238 411 3298 esset,
426 3247 474 3285 seu
497 3234 508 3298 ΙΙ
533 3238 564 3284 tt
583 3236 613 3284 ut
624 3233 732 3285 obstent
744 3235 902 3293 Lachmann,
916 3232 1032 3284 obstitc
1054 3233 1065 3296 11
1090 3237 1117 3281 tt
1140 3246 1191 3298 pe·

6 3347 7 3352 ,
108 3305 230 3371 peamC
264 3304 276 3368 ll
313 3307 344 3351 tt
363 3303 434 3354 cai)
467 3303 478 3366 ΙΙ
514 3305 545 3352 tt
565 3302 800 3368 subprestitumG
834 3301 845 3365 ΙΙ
881 3306 911 3351 tt
930 3303 1043 3367 perinde
1063 3301 1097 3361 C,
1117 3301 1191 3352 idem

6 3417 7 3434 ,
109 3373 228 3424 Huschke
251 3373 263 3437 ll
289 3371 529 3424 tatastamentoc
551 3371 563 3434 ll
587 3375 614 3421 st
638 3372 723 3424 hacG
745 3371 756 3435 l
781 3375 812 3420 22
828 3371 990 3436 paternaeC
1012 3371 1023 3434 11
1046 3371 1083 3434 in]
1098 3384 1132 3421 ex
1147 3370 1166 3422 G
1183 3367 1191 3436 ll

6 3445 7 3448 ’
108 3447 142 3492 23
161 3440 315 3493 babeantc
343 3441 354 3505 ΙΙ
384 3443 415 3489 st
434 3443 567 3504 ingenuae
582 3439 711 3503 Calactae,
726 3440 813 3491 cmc
841 3439 852 3503 ll
882 3442 914 3488 26
932 3439 1087 3491 edictumG
1109 3439 1121 3503 ΙΙ
1148 3440 1192 3488 in-

108 3511 225 3576 genuiG
248 3510 260 3574 l
285 3513 316 3559 27
335 3511 442 3574 patroni
458 3509 491 3560 0²
