2926 4888
504 289 625 320 =...
669 273 708 336 ῃ
753 307 838 319 -
1060 273 1227 334 mmmm

143 461 251 542 legata
273 461 410 524 conferri
432 472 562 539 possunt
585 464 643 524 hoc
663 461 755 524 modo
769 465 859 525 Lucro
876 465 973 540 Trrro,
995 481 1052 523 orn
1067 479 1224 540 noarsrur,

104 545 123 604 7
143 565 186 608 no
202 566 291 627 anco,
309 557 363 610 aut
377 567 467 610 suess
481 567 554 610 nnrs
569 566 644 610 nana
659 567 774 610 pannas
787 567 870 610 esso.
912 550 969 610 Per
982 547 1230 610 uindicationem

144 634 286 714 legatum
303 636 362 696 etsi
377 634 519 696 nondum
541 636 739 696 constituerit
759 635 929 714 legatarius
945 633 984 696 ad
1005 635 1227 714 sepertinere,

144 730 244 800 atque
260 721 304 783 ita
315 730 385 800 post
400 730 524 798 apertas
538 719 664 783 tabulas
678 730 751 783 ante
763 719 879 782 aditam
895 719 1101 782 hereditatem
1118 720 1230 782 deces-

89 802 126 862 7⁸
144 809 238 885 serit,
255 805 295 869 ad
310 806 462 868 heredem
476 826 568 868 suurn
583 807 718 888 legatum
733 807 928 869 transmittit.
959 805 1065 867 *lenm
1075 825 1132 866 arr
1143 823 1229 867 rutro
1248 818 1262 864 5

144 891 263 954 *vrarn
276 910 417 954 annonara
429 911 624 956 escaramis:
641 893 729 953 nullo
741 914 759 955 a
773 893 922 973 legatario
938 893 1037 954 eleeto
1052 890 1228 954 decedente

145 978 203 1040 *eo
226 987 297 1059 post
319 978 404 1040 diem
426 978 521 1058 legati
544 979 709 1040 cedentem
732 979 772 1040 ad
794 977 945 1040 heredem
969 980 1139 1040 transmitti
1160 978 1232 1058 pla·

106 1063 126 1120 8
144 1063 265 1126 *cuit*
308 1065 342 1126 Si
359 1083 409 1126 res
425 1063 562 1144 obligata
583 1065 749 1141 creditori,
771 1065 861 1126 ouius
876 1083 1002 1126 cansam
1016 1073 1147 1126 testator
1168 1081 1231 1125 non

147 1151 318 1232 ignorauit,
335 1169 394 1230 per
409 1149 642 1212 damnationem
657 1151 758 1231 legata
773 1152 830 1228 sit,
856 1151 946 1212 luitio
960 1149 1001 1212 ad
1023 1149 1152 1211 heredis
1168 1150 1231 1212 sol-

107 1235 126 1294 9
145 1234 349 1299 licitudinem
363 1246 492 1318 spectat.
518 1239 617 1299 Seruo
630 1235 766 1298 fataliter
781 1237 970 1316 interempto
985 1237 1128 1315 legatarii
1141 1235 1230 1297 dam-
1249 1247 1280 1293 to

83 1321 125 1379 44)
145 1342 223 1384 nom
239 1332 297 1402 est,
315 1323 391 1402 quia
405 1321 543 1402 legatum
565 1323 650 1384 nulla
666 1321 756 1402 culpa
772 1321 901 1383 heredis
916 1322 1089 1384 intercidit.
1135 1322 1231 1383 Dam-

146 1411 218 1471 nari
234 1409 328 1470 heres
350 1417 469 1487 potest,
496 1418 531 1470 ut
553 1409 647 1470 alicui
669 1407 795 1470 domum
819 1417 944 1470 extruat
958 1417 1012 1470 aut
1034 1427 1107 1469 aere
1129 1408 1231 1470 alieno

85 1492 120 1551 44
148 1514 223 1557 enm
237 1493 364 1556 liberet.
411 1493 544 1556 Sinendi
566 1493 658 1555 modo
672 1505 736 1556 tarn
758 1495 936 1574 corporales
957 1513 1008 1555 res
1031 1513 1126 1574 quam
1149 1512 1230 1574 quae

147 1583 182 1642 in
197 1582 268 1642 iure
291 1581 465 1642 consistunt
487 1581 587 1661 legari
609 1589 755 1660 possunt:
787 1591 818 1642 et
838 1581 910 1642 ideo
933 1579 1067 1642 debitori
1091 1580 1122 1641 id
1146 1579 1231 1659 quod

85 1665 125 1726 ta
147 1667 246 1729 debet
263 1676 348 1728 recte
363 1667 497 1747 legatur.
544 1667 620 1728 Eius
636 1668 683 1727 rei
700 1685 781 1746 quae
796 1668 898 1748 legata
913 1676 961 1728 est
977 1667 1120 1746 exemplo
1137 1665 1231 1727 here·
1250 1677 1281 1724 te

147 1753 200 1816 dis
214 1763 337 1831 partem
352 1771 520 1832 agnoscere
532 1761 655 1832 partem
671 1752 839 1833 repudiare
851 1752 1022 1833 legatarius
1036 1771 1100 1815 non
1114 1762 1229 1832 potest.

84 1838 124 1897 43
148 1843 302 1919 Legatum
317 1839 379 1900 nisi
395 1847 499 1900 certae
514 1839 561 1898 rei
577 1839 619 1900 sit
641 1838 726 1900 etad
742 1849 860 1900 certam
876 1857 1042 1917 personam
1058 1837 1229 1918 deferatur,

86 1923 1233 2005 Mfflfflfflmmuffiwmmffimwmmm-

147 2013 243 2089 serit,
266 2011 365 2091 magis
381 2020 444 2089 est,
469 2020 504 2072 ut
524 2019 624 2072 totum
639 2011 777 2091 legatum
792 2010 832 2072 ad
848 2012 1048 2073 coniunctum
1063 2013 1231 2091 pertineat.

69 2097 128 2156 fl*
146 2097 263 2158 *onri
284 2097 422 2176 legatum
442 2097 475 2156 in
497 2097 600 2158 alieno
626 2106 814 2158 testamento
834 2096 974 2159 scribere
987 2115 1059 2162 ,non
1081 2095 1233 2177 prohibe-
1251 2107 1282 2153 so

86 2183 126 2242 45
146 2181 271 2245 imur*
306 2183 366 2255 Qui
383 2201 417 2244 se
434 2182 497 2264 filio
516 2185 674 2244 testatoris
689 2180 848 2263 impuberi
863 2193 997 2246 tutorem
1014 2182 1228 2264 adscripserit,

148 2279 186 2332 ut
202 2278 369 2348 suspectus
385 2287 402 2330 a
417 2269 515 2330 tutela
531 2266 745 2330 remouendus
761 2270 821 2348 e'st,
840 2268 991 2350 adquam
1007 2270 1088 2331 ultro
1103 2268 1233 2331 uidetur

86 2355 126 2414 46
146 2353 335 2418 adfectasse.
371 2355 448 2414 Rem
463 2354 598 2434 legatam
619 2364 750 2416 testator
764 2355 790 2416 si
811 2365 919 2436 postea
940 2357 1063 2436 pignori
1077 2356 1130 2417 uel
1149 2354 1233 2417 fidu-

86 2441 126 2500 47
148 2444 218 2504 ciac
234 2439 375 2518 dederit,
395 2459 435 2501 ex
450 2459 487 2501 eo
502 2440 697 2502 uoluntatem
712 2451 850 2504 mutasse
871 2461 934 2504 non
948 2442 1089 2504 uidetur.
1135 2443 1234 2502 Vsus—

149 2527 272 2589 fruotus
286 2528 538 2605 uniuscuiusque
554 2528 602 2587 rei
616 2527 714 2606 legari
730 2537 833 2606 potest
856 2537 887 2589 et
909 2537 963 2590 aut
986 2529 1054 2608 ipso
1069 2528 1140 2589 iure
1156 2546 1232 2588 con·
1249 2537 1282 2584 444

147 2615 298 2675 stituetur
311 2622 366 2674 aut
380 2630 439 2692 per
450 2610 602 2673 heredem
618 2612 846 2692 praestabitur:
865 2633 905 2674 ex
917 2633 1010 2674 causa
1021 2612 1232 2674 damnationis

87 2700 127 2756 48
148 2718 209 2781 per
224 2698 374 2760 heredem
390 2697 620 2778 praestabitur:
639 2701 707 2779 ipso
714 2701 793 2776 jure
808 2719 866 2781 per
880 2698 1137 2761 uindicationem.
1170 2700 1232 2760 Fu-

147 2786 227 2848 riost'
241 2794 272 2846 et
286 2785 476 2864 aegrotantis
489 2793 520 2846 et
532 2784 663 2846 infantis
675 2784 875 2847 ususfructus
890 2785 1011 2846 utiliter
1025 2784 1229 2865 relinquitur.

147 2873 263 2933 horum
279 2871 361 2932 enim
378 2869 459 2931 alius
475 2870 678 2950 resipiscere,
703 2871 784 2932 alius
798 2871 1037 2948 conualescere,
1060 2870 1140 2932 alius
1161 2889 1232 2932 ore-

86 2958 126 3016 49
147 2976 240 3019 scere
256 2965 368 3037 potest.
406 2955 547 3017 Ancillae
570 2956 739 3017 usufructu
753 2958 854 3036 legato
875 2967 984 3038 partus
1005 2957 1074 3018 eius
1096 2955 1136 3017 ad
1151 2974 1231 3018 usu·
1249 2968 1281 3014 ao
1361 2963 1363 2969 ’

84 3045 126 3104 40
147 3043 356 3104 fructuarium
377 3060 441 3103 non
462 3044 634 3122 pertinent.
683 3041 793 3123 Gregis
820 3042 986 3105 usufructu
1007 3042 1109 3122 legato
1134 3060 1230 3123 grege

153 3193 676 3210 wumvvvvvxmvvslmsxwvavvvmtvvx
681 3195 1174 3209 κΛΛΛΛΛνΛΛΛΛΛΛΛΛιυνυναναΜΝνΝνν·
1179 3198 1228 3211 mx&

219 3264 549 3328 somniassem
580 3265 591 3328 4
622 3265 1040 3329 o,us=nt·9.ts,ro,rspr.
1072 3265 1083 3329 4
1113 3269 1231 3329 o‚re=

148 3335 208 3398 uie.
224 3336 267 3396 te,
283 3336 324 3395 44,
339 3337 380 3392 rs,
396 3337 406 3380 4

148 3451 694 3468 ΧΑΛΛΛΛΛΑΛΛΛΛΛΛΛΝᾺΝΧΛΛΙΝΛΛΑΛΛΛΛΝΝΛΛΛ

220 3536 363 3589 iconierri
375 3540 411 3598 Μ,
428 3537 544 3589 conferri
557 3537 742 3588 confirmariL
772 3538 783 3602 44
812 3543 896 3601 apost
907 3553 986 3590 meus
996 3542 1156 3592 intumescit
1169 3551 1232 3590 cum

150 3611 283 3658 morietur
317 3607 329 3670 4
366 3611 396 3656 it
416 3608 577 3658 damnolff
613 3606 624 3670 44
660 3610 690 3655 43
711 3608 861 3672 corporalis
872 3609 921 3659 ML
957 3610 968 3674 4
1003 3609 1133 3674 t8legata
1146 3608 1194 3659 444
1222 3604 1234 3673 44

149 3683 178 3727 44
201 3677 378 3741 adscripserit
397 3714 403 3727 .
420 3714 426 3726 .
443 3714 449 3726 .
470 3679 501 3725 44
521 3675 679 3741 adfectasse]
693 3677 846 3741 adscripsit,
866 3679 915 3727 etsi
929 3682 1071 3742 suspectus
1083 3691 1141 3728 esse
1153 3691 1232 3742 prae-

149 3748 277 3806 sumitur,
291 3745 365 3810 quod
376 3746 448 3795 ultro
461 3745 571 3795 tutelam
584 3744 724 3795 uidebitur
734 3744 894 3808 adfectasse,
909 3748 999 3797 umen
1013 3748 1035 3796 si
1046 3747 1161 3796 idoneus
1173 3759 1233 3797 esse

149 3814 326 3880 approbetur,
346 3829 400 3865 non
419 3829 451 3864 ex
469 3817 645 3875 testamento,
664 3814 712 3864 sed
730 3829 761 3865 ex
780 3815 889 3865 decreto
902 3815 1094 3865 tutordandus
1106 3816 1159 3864 est:
1181 3827 1233 3864 neo

148 3885 288 3934 excusatio
300 3885 359 3934 eius
372 3883 538 3945 admittetur,
558 3883 622 3948 quia
640 3885 812 3934 consensisse
829 3883 940 3933 uidetur
950 3884 1084 3934 uoluntati
1096 3884 1233 3934 testatoris

149 3953 209 4017 Dia.
241 3951 253 4015 4
282 3954 314 4001 44
327 3949 410 4016 4444444
425 3955 455 4002 tt
469 3953 602 4002 rubricam
613 3950 647 4001 de
659 3950 801 4002 usufructu
815 3955 865 4002 ios.
881 3953 978 4002 codices
1007 3952 1018 4014 4
1047 3954 1078 4000 47
1098 3950 1193 4001 furiosi
1207 3955 1234 4002 et

148 4022 314 4086 aegrotantis
327 4025 354 4072 et
366 4019 475 4072 infantis
490 4020 619 4081 Coiocius,
634 4019 736 4072 furioso
750 4025 776 4072 et
787 4022 936 4084 aegrotanti
950 4023 977 4072 et
989 4019 1084 4070 infanti
1097 4021 1196 4070 codices
1224 4018 1233 4086 4

148 4095 180 4141 49
201 4091 363 4156 resipiscere
374 4092 446 4151 dett,
459 4091 595 4154 respicere
609 4090 657 4141 ut
