2926 4888
288 342 360 392 Paul.
376 341 407 401 V,
425 345 496 392 tlt
667 371 752 388 -·-
798 339 857 403 108
901 375 987 388 -..

244 533 267 592 <2
285 539 430 611 possunt.
454 531 584 593 veritati
600 497 632 592 ιι
647 532 761 612 origini
779 530 983 611 ingenuitatis
997 531 1201 592 manumissio
1217 547 1380 610 quocum-

245 619 265 678 3
286 633 349 696 que
365 615 456 678 modo
471 617 552 678 facta
572 633 635 678 non
651 616 860 697 praeiudicat.
907 615 1112 718 Descriptio
1104 633 1317 697 ingenuorum
1334 635 1378 678 ex

286 701 388 764 officio
403 701 493 766 fisci
484 712 569 764 mter
582 701 720 766 fiscalem
735 701 885 766 familiam
899 695 1002 764 fact‘a
994 703 1181 782 ingenuitati
1197 719 1260 764 non
1276 719 1377 783 prae-

249 787 414 868 liudioat
454 789 515 862 Qui
531 798 617 850 metu
632 797 668 850 et
680 789 885 869 impressione
901 787 1034 850 alicuius
1054 789 1184 849 terroris
1199 787 1286 868 apud
1303 797 1378 851 acta

284 873 443 954 praesidis
464 893 595 936 seruum
610 893 643 936 se
666 893 736 936 csse
760 875 910 936 mentitus
925 883 988 952 est,
1013 883 1123 954 postea
1143 882 1261 936 statum
1277 893 1377 936 suum
1397 886 1410 930 s

245 963 266 1022 ll
286 958 469 1022 defendenti
493 978 557 1022 non
577 959 785 1041 praeiudicat.
833 962 903 1022 Post
924 969 1106 1041 susceptum
1128 959 1263 1022 liberale
1284 959 1377 1022 iudi-

286 1047 370 1108 cium
382 1045 409 1108 si
421 1045 565 1108 adsertor
577 1065 701 1110 causam
713 1046 899 1125 deseruerit,
918 1046 952 1107 in
963 1046 1060 1108 alium
1070 1044 1266 1108 adsertorem
1277 1065 1379 1108 omne

286 1131 438 1194 iudicium
451 1131 616 1195 transferri
628 1134 762 1214 placuit:
781 1134 814 1194 in
826 1134 966 1215 priorem
980 1151 1070 1211 uero,
1088 1130 1174 1212 quod
1188 1130 1377 1211 prodendae

285 1217 442 1280 libertatis
465 1219 564 1298 gratia
586 1219 783 1294 factumest,
808 1227 900 1281 extra
914 1217 1060 1280 ordinem
1081 1217 1279 1280 uindicatur:
1308 1235 1375 1279 non

286 1305 372 1365 enim
387 1314 510 1384 oportet
524 1314 705 1385 susceptam
720 1315 820 1368 status
835 1305 963 1368 causam
978 1303 1066 1366 nulla
1081 1312 1212 1384 cogente
1227 1305 1377 1366 necessi·
1396 1313 1424 1358 ιι

245 1392 267 1450 6
285 1388 351 1452 tate
371 1388 514 1452 destitui.
560 1387 638 1452 *Cui
660 1392 832 1454 necessitas
852 1389 1008 1472 probandi
1031 1389 1071 1452 de
1094 1391 1292 1470 ingenuitate
1315 1407 1376 1452 sua

285 1475 367 1538 *non
389 1475 559 1553 incumbit,
586 1477 668 1539 ultro
691 1479 718 1538 si
741 1479 810 1558 ipsc
832 1475 968 1558 probare
985 1473 1163 1551 desiderat,
1189 1474 1376 1538 audiendus

246 1562 267 1622 7
285 1561 363 1623 *est
410 1563 470 1636 Qui
486 1561 526 1624 dc
542 1563 738 1643 ingenuitate
754 1571 960 1644 cognoscunt,
979 1561 1020 1624 de
1036 1562 1193 1624 calumnia
1209 1563 1294 1639 eius,
1317 1565 1373 1643 qui

285 1647 425 1710 *temere
436 1650 681 1712 controuersiam
697 1649 804 1728 mouit,
823 1648 864 1711 ad
878 1647 1006 1710 modum
1019 1649 1123 1710 exsilii
1137 1657 1271 1728 possunt
1285 1647 1375 1710 ferre
1457 1665 1459 1684 ι

247 1736 267 1793 8
284 1732 504 1797 *sententiam
550 1737 679 1798 Tutores
693 1735 746 1797 uel
763 1744 923 1797 curatores
937 1735 1146 1816 pupillorum,
1169 1751 1305 1814 quorum
1321 1743 1376 1796 ιιι-
1396 1745 1426 1790 ιι

286 1819 400 1884 *telam
424 1831 455 1882 et
479 1839 531 1883 res
552 1821 873 1899 administrauerunt,
899 1829 1009 1902 postea
1031 1829 1131 1883 status
1153 1821 1375 1899 quaestionem

247 1910 267 1967 e
285 1905 407 1970 *facere
424 1925 486 1968 non
503 1917 643 1988 possunt.
683 1908 812 1970 Maritus
827 1908 917 1969 uxori
933 1905 1103 1986 eidemque
1121 1904 1256 1969 libertae
1272 1916 1376 1969 status

285 1991 519 2071 *quaestionem
535 1994 654 2056 inferre
671 2011 733 2056 non
749 1991 969 2074 prohibetur.*

808 2175 853 2266 [¹¹]

249 2302 262 2360 l
371 2299 512 2363 *Locatio
520 2301 733 2382 uectigalium,
749 2301 1080 2382 quaecalorlicitantis
1092 2301 1176 2363 ultra
1183 2298 1313 2362 modum
1322 2318 1374 2362 so-
1393 2313 1424 2360 sc

285 2385 379 2449 *litae
390 2385 607 2448 conductionis
620 2386 753 2466 inllauit,
768 2389 811 2450 ita
824 2385 952 2449 demum
964 2385 1160 2449 admittenda
1173 2393 1231 2464 cst,
1252 2386 1280 2447 si
1292 2383 1374 2448 fide-

285 2472 442 2534 *iusscres
454 2471 584 2534 idoneos
598 2482 631 2534 ct
644 2476 821 2536 cautionem
837 2474 865 2535 is
880 2475 936 2554 qui
947 2473 1118 2536 licitatione
1130 2471 1246 2534 uicerit
1257 2472 1374 2534 offerre

250 2561 268 2619 ι
285 2557 434 2638 *paratus
448 2560 500 2621 sit.
524 2557 574 2621 Ad
589 2558 831 2622 conducendum
841 2559 980 2639 uectigal
990 2559 1114 2624 inuitus
1127 2576 1219 2620 nemo
1231 2558 1375 2638 compel-

286 2644 381 2707 *litur
403 2653 434 2706 ct
454 2643 526 2707 ideo
552 2645 681 2726 impleto
701 2655 843 2727 tempore
865 2645 1083 2708 conductionis
1110 2641 1262 2706 elocanda
1283 2653 1371 2706 sunt.

249 2732 267 2792 3
286 2727 523 2811 *Reliquatores
538 2731 740 2831 uectigalium
754 2729 795 2792 ad
815 2730 992 2794 iterandam
1008 2730 1259 2808 conductionem,
1279 2738 1374 2792 ante·
1393 2743 1425 2789 ιι

286 2817 399 2897 quam
410 2837 564 2898 superiori
557 2817 720 2880 'tconduc
698 2817 776 2880 troni
788 2826 835 2878 sat
823 2815 990 2896 tisfaciant,
1007 2815 1195 2878 admittenda
1206 2834 1271 2878 non
1283 2825 1371 2878 sunt.
1454 2855 1457 2898 p

248 2905 267 2965 ι
286 2903 398 2966 *lichit
386 2913 470 2966 tores
482 2904 568 2965 fisci
560 2913 697 2983 itemque
709 2923 755 2966 rer
747 2901 913 2984 publicae
923 2903 1092 2983 uectigalia
1107 2901 1285 2964 conducere
1297 2919 1375 2982 pro·
1456 2917 1457 2962 ι

286 2989 467 3068 *hibentun
485 3009 527 3051 ne
539 2990 651 3052 exalia
663 3008 755 3052 causa
770 3007 879 3051 corum
890 2988 999 3051 debita
1010 2997 1198 3051 onerentur:
1217 2989 1280 3050 nist
1271 2987 1375 3050 forte
1455 3029 1457 3076 t

286 3075 385 3137 *tales
406 3074 608 3138 fideiussores
629 3075 818 3154 obtulerint,
843 3076 897 3155 qui
920 3074 1037 3151 debitis
1059 3093 1167 3137 eorum
1190 3073 1374 3136 satisfacere
1456 3083 1457 3086 ’

249 3160 268 3220 ιι
286 3161 407 3242 *parati
429 3162 503 3223 sint.
541 3163 624 3224 Socii
645 3161 846 3242 uectigalium
863 3162 890 3223 si
911 3162 1082 3242 separatim
1096 3169 1204 3241 partes
1218 3160 1375 3224 adminis-
1392 3174 1424 3220 eo

287 3247 409 3326 *trent‚
435 3247 515 3310 alter
537 3246 578 3308 ab
598 3248 698 3308 altero
720 3247 825 3308 minus
841 3246 954 3309 idoneo
976 3248 1008 3309 in
1024 3266 1058 3310 se
1073 3248 1250 3328 portionem
1264 3255 1374 3310 trans-

249 3334 269 3391 6
283 3331 383 3401 *ferri
397 3335 466 3394 iure
483 3331 655 3396 desiderat.
702 3332 792 3406 Quod
807 3333 917 3394 illicite
938 3332 1067 3413 publice
1082 3333 1299 3413 priuatimque
1315 3353 1375 3395 ex-

287 3418 410 3480 *actum
432 3427 479 3480 est
496 3437 567 3480 oum
583 3418 682 3480 altero
702 3429 788 3482 tauto
804 3420 906 3500 passis
926 3420 1077 3482 iniuriam
1093 3417 1287 3480 exsoluitur:
1313 3437 1375 3500 per
1454 3485 1456 3544 4

230 3733 235 3745 ·
279 3695 281 3701 ’
360 3733 384 3788 ι,
400 3731 466 3777 6-9
480 3747 511 3771 .-..-
527 3727 585 3791 nep.
602 3730 643 3787 ιι,
658 3731 699 3788 ιι,
715 3731 745 3777 ιι
777 3727 787 3790 ιι
819 3732 861 3788 ιι,
877 3731 942 3778 ι-ι
956 3748 988 3771 =
1002 3729 1061 3793 nep.
1077 3731 1118 3787 ιι,
1135 3729 1188 3786 ts

289 3879 1370 3896 Mvavvvwmmwvvvawlevawvvvavvwmwxmvwvavvu«rmumnn

358 4023 389 4070 ιι
408 4021 487 4085 quac]
501 4033 584 4085 quam
598 4019 716 4070 Gcbcccr
745 4019 755 4082 ΙΙ
786 4018 912 4080 oalcrlt,
926 4019 1018 4070 calore
1032 4017 1063 4068 ι’)
1090 4018 1102 4082 ιι
1131 4020 1164 4068 ιι
1182 4020 1319 4072 elocanda
1333 4021 1376 4084 ΡΙ,

276 4089 447 4209 -paflpcanda
462 4087 493 4140 ΡΙ
530 4090 540 4151 ΙΙ
582 4093 609 4138 ιι
632 4087 778 4139 transferre
791 4089 850 4138 iure
866 4086 904 4151 β,
919 4087 1111 4138 transferretur
1123 4087 1165 4150 l1,
1179 4087 1379 4141 transferretur
1453 4173 1454 4176 Ἴ
