<?xml version="1.0" encoding="UTF-8"?>
<!DOCTYPE html PUBLIC "-//W3C//DTD XHTML 1.0 Transitional//EN"
    "http://www.w3.org/TR/xhtml1/DTD/xhtml1-transitional.dtd">
<html xmlns="http://www.w3.org/1999/xhtml" xml:lang="en" lang="en">
 <head>
  <title>
</title>
<meta http-equiv="Content-Type" content="text/html;charset=utf-8" />
  <meta name='ocr-system' content='tesseract 3.04.00' />
  <meta name='ocr-capabilities' content='ocr_page ocr_carea ocr_par ocr_line ocrx_word'/>
</head>
<body>
  <div class='ocr_page' id='page_1' title='image "./vlpianilibersin00kruegoog_0132.png"; bbox 0 0 2926 4888; ppageno 0'>
   <div class='ocr_carea' id='block_1_1' title="bbox 250 343 950 409">
    <p class='ocr_par' dir='ltr' id='par_1_1' title="bbox 250 343 950 409">
     <span class='ocr_line' id='line_1_1' title="bbox 250 343 950 409; baseline -0.006 -13"><span class='ocrx_word' id='word_1_1' title='bbox 250 344 324 396; x_wconf 85' lang='lat' dir='ltr'>Paul.</span> <span class='ocrx_word' id='word_1_2' title='bbox 339 343 401 407; x_wconf 84' lang='lat' dir='ltr'>V‚o</span> <span class='ocrx_word' id='word_1_3' title='bbox 629 379 715 392; x_wconf 67' lang='lat'>..„..</span> <span class='ocrx_word' id='word_1_4' title='bbox 761 345 821 409; x_wconf 91' lang='grc'>116</span> <span class='ocrx_word' id='word_1_5' title='bbox 864 380 950 392; x_wconf 85' lang='grc'>..-</span> 
     </span>
    </p>
   </div>
   <div class='ocr_carea' id='block_1_2' title="bbox 134 533 1377 3280">
    <p class='ocr_par' dir='ltr' id='par_1_2' title="bbox 134 533 1377 3280">
     <span class='ocr_line' id='line_1_2' title="bbox 249 533 1331 616; baseline -0.003 -19"><span class='ocrx_word' id='word_1_6' title='bbox 249 534 393 615; x_wconf 83' lang='lat' dir='ltr'>idemque</span> <span class='ocrx_word' id='word_1_7' title='bbox 415 535 448 596; x_wconf 92' lang='lat' dir='ltr'>in</span> <span class='ocrx_word' id='word_1_8' title='bbox 464 554 500 596; x_wconf 89' lang='lat' dir='ltr'>eo</span> <span class='ocrx_word' id='word_1_9' title='bbox 516 533 683 597; x_wconf 89' lang='lat' dir='ltr'>dicendum</span> <span class='ocrx_word' id='word_1_10' title='bbox 700 543 763 616; x_wconf 89' lang='lat' dir='ltr'>est,</span> <span class='ocrx_word' id='word_1_11' title='bbox 789 535 844 614; x_wconf 94' lang='lat' dir='ltr'>qui</span> <span class='ocrx_word' id='word_1_12' title='bbox 859 551 988 596; x_wconf 89' lang='lat' dir='ltr'>carruca</span> <span class='ocrx_word' id='word_1_13' title='bbox 1004 543 1057 597; x_wconf 88' lang='lat' dir='ltr'>aut</span> <span class='ocrx_word' id='word_1_14' title='bbox 1073 553 1154 615; x_wconf 89' lang='lat' dir='ltr'>equo</span> <span class='ocrx_word' id='word_1_15' title='bbox 1170 533 1331 596; x_wconf 89' lang='lat' dir='ltr'>deicitur:</span> 
     </span>
     <span class='ocr_line' id='line_1_3' title="bbox 212 619 1334 700; baseline 0.002 -20"><span class='ocrx_word' id='word_1_16' title='bbox 212 621 230 680; x_wconf 85' lang='grc'><strong>6</strong></span> <span class='ocrx_word' id='word_1_17' title='bbox 248 619 366 700; x_wconf 88' lang='lat' dir='ltr'>quibus</span> <span class='ocrx_word' id='word_1_18' title='bbox 381 639 444 682; x_wconf 91' lang='lat' dir='ltr'>non</span> <span class='ocrx_word' id='word_1_19' title='bbox 460 619 605 683; x_wconf 84' lang='lat' dir='ltr'>abductis</span> <span class='ocrx_word' id='word_1_20' title='bbox 620 621 807 683; x_wconf 89' lang='lat' dir='ltr'>iniuriarum</span> <span class='ocrx_word' id='word_1_21' title='bbox 822 622 902 682; x_wconf 92' lang='lat' dir='ltr'>actio</span> <span class='ocrx_word' id='word_1_22' title='bbox 917 619 1021 682; x_wconf 89' lang='lat' dir='ltr'>datur.</span> <span class='ocrx_word' id='word_1_23' title='bbox 1066 622 1102 683; x_wconf 90' lang='lat' dir='ltr'>Vi</span> <span class='ocrx_word' id='word_1_24' title='bbox 1120 620 1264 683; x_wconf 89' lang='lat' dir='ltr'>deiectus</span> <span class='ocrx_word' id='word_1_25' title='bbox 1278 623 1334 682; x_wconf 89' lang='lat' dir='ltr'>ui-</span> 
     </span>
     <span class='ocr_line' id='line_1_4' title="bbox 248 705 1327 787; baseline 0.001 -20"><span class='ocrx_word' id='word_1_26' title='bbox 248 705 342 768; x_wconf 89' lang='lat' dir='ltr'>detur</span> <span class='ocrx_word' id='word_1_27' title='bbox 356 716 387 768; x_wconf 88' lang='lat' dir='ltr'>et</span> <span class='ocrx_word' id='word_1_28' title='bbox 402 707 458 787; x_wconf 88' lang='lat' dir='ltr'>qui</span> <span class='ocrx_word' id='word_1_29' title='bbox 474 706 506 768; x_wconf 91' lang='lat' dir='ltr'>in</span> <span class='ocrx_word' id='word_1_30' title='bbox 523 705 652 787; x_wconf 91' lang='lat' dir='ltr'>praedio</span> <span class='ocrx_word' id='word_1_31' title='bbox 667 707 700 769; x_wconf 89' lang='lat' dir='ltr'>ui</span> <span class='ocrx_word' id='word_1_32' title='bbox 716 707 872 770; x_wconf 75' lang='lat' dir='ltr'><strong>retinetur</strong></span> <span class='ocrx_word' id='word_1_33' title='bbox 886 715 917 768; x_wconf 89' lang='lat' dir='ltr'>et</span> <span class='ocrx_word' id='word_1_34' title='bbox 933 707 988 787; x_wconf 91' lang='lat' dir='ltr'>qui</span> <span class='ocrx_word' id='word_1_35' title='bbox 1004 707 1037 766; x_wconf 92' lang='lat' dir='ltr'>in</span> <span class='ocrx_word' id='word_1_36' title='bbox 1053 707 1106 769; x_wconf 89' lang='lat' dir='ltr'>uia</span> <span class='ocrx_word' id='word_1_37' title='bbox 1122 707 1251 768; x_wconf 92' lang='lat' dir='ltr'>territus</span> <span class='ocrx_word' id='word_1_38' title='bbox 1267 717 1327 786; x_wconf 88' lang='lat' dir='ltr'>est,</span> 
     </span>
     <span class='ocr_line' id='line_1_5' title="bbox 211 791 1330 873; baseline 0.001 -21"><span class='ocrx_word' id='word_1_39' title='bbox 211 791 229 853; x_wconf 85' lang='lat'><strong>7</strong></span> <span class='ocrx_word' id='word_1_40' title='bbox 247 810 288 853; x_wconf 89' lang='lat' dir='ltr'>ne</span> <span class='ocrx_word' id='word_1_41' title='bbox 304 792 344 855; x_wconf 93' lang='lat' dir='ltr'>ad</span> <span class='ocrx_word' id='word_1_42' title='bbox 360 792 495 855; x_wconf 89' lang='lat' dir='ltr'>fundum</span> <span class='ocrx_word' id='word_1_43' title='bbox 510 812 603 855; x_wconf 90' lang='lat' dir='ltr'>suum</span> <span class='ocrx_word' id='word_1_44' title='bbox 618 791 793 855; x_wconf 76' lang='lat' dir='ltr'>accederet.</span> <span class='ocrx_word' id='word_1_45' title='bbox 826 793 887 866; x_wconf 83' lang='lat' dir='ltr'>Qui</span> <span class='ocrx_word' id='word_1_46' title='bbox 902 793 936 854; x_wconf 91' lang='lat' dir='ltr'>ui</span> <span class='ocrx_word' id='word_1_47' title='bbox 951 793 1100 854; x_wconf 83' lang='lat' dir='ltr'>antelam</span> <span class='ocrx_word' id='word_1_48' title='bbox 1115 800 1170 853; x_wconf 93' lang='lat' dir='ltr'>aut</span> <span class='ocrx_word' id='word_1_49' title='bbox 1184 794 1330 873; x_wconf 88' lang='lat' dir='ltr'>precario</span> 
     </span>
     <span class='ocr_line' id='line_1_6' title="bbox 210 877 1364 960; baseline 0.001 -23"><span class='ocrx_word' id='word_1_50' title='bbox 210 879 228 937; x_wconf 90' lang='lat'>8</span> <span class='ocrx_word' id='word_1_51' title='bbox 248 878 386 958; x_wconf 74' lang='lat' dir='ltr'>possidet</span> <span class='ocrx_word' id='word_1_52' title='bbox 408 878 449 942; x_wconf 90' lang='lat' dir='ltr'>ab</span> <span class='ocrx_word' id='word_1_53' title='bbox 463 877 661 958; x_wconf 89' lang='lat' dir='ltr'>aduersario,</span> <span class='ocrx_word' id='word_1_54' title='bbox 687 879 816 960; x_wconf 89' lang='lat' dir='ltr'>impune</span> <span class='ocrx_word' id='word_1_55' title='bbox 833 878 978 941; x_wconf 78' lang='lat' dir='ltr'>deicitur.</span> <span class='ocrx_word' id='word_1_56' title='bbox 1026 879 1075 939; x_wconf 83' lang='lat' dir='ltr'>Ex</span> <span class='ocrx_word' id='word_1_57' title='bbox 1090 877 1188 940; x_wconf 86' lang='lat' dir='ltr'>rebus</span> <span class='ocrx_word' id='word_1_58' title='bbox 1203 879 1237 940; x_wconf 90' lang='lat' dir='ltr'>ui</span> <span class='ocrx_word' id='word_1_59' title='bbox 1252 897 1329 958; x_wconf 90' lang='lat' dir='ltr'>pos·</span> <span class='ocrx_word' id='word_1_60' title='bbox 1347 892 1364 938; x_wconf 79' lang='lat'>⁵</span> 
     </span>
     <span class='ocr_line' id='line_1_7' title="bbox 246 963 1328 1045; baseline 0.001 -20"><span class='ocrx_word' id='word_1_61' title='bbox 246 965 342 1027; x_wconf 87' lang='lat' dir='ltr'>sessis</span> <span class='ocrx_word' id='word_1_62' title='bbox 365 965 392 1026; x_wconf 91' lang='lat' dir='ltr'>si</span> <span class='ocrx_word' id='word_1_63' title='bbox 408 966 533 1045; x_wconf 81' lang='lat' dir='ltr'>aliquae</span> <span class='ocrx_word' id='word_1_64' title='bbox 554 984 605 1026; x_wconf 90' lang='lat' dir='ltr'>res</span> <span class='ocrx_word' id='word_1_65' title='bbox 626 967 762 1027; x_wconf 81' lang='lat' dir='ltr'>arserint</span> <span class='ocrx_word' id='word_1_66' title='bbox 784 965 838 1026; x_wconf 87' lang='lat' dir='ltr'>uel</span> <span class='ocrx_word' id='word_1_67' title='bbox 858 964 944 1026; x_wconf 91' lang='lat' dir='ltr'>serui</span> <span class='ocrx_word' id='word_1_68' title='bbox 967 963 1174 1044; x_wconf 78' lang='lat' dir='ltr'>decesserint,</span> <span class='ocrx_word' id='word_1_69' title='bbox 1204 965 1278 1026; x_wconf 91' lang='lat' dir='ltr'>licet</span> <span class='ocrx_word' id='word_1_70' title='bbox 1294 964 1328 1026; x_wconf 94' lang='lat' dir='ltr'>id</span> 
     </span>
     <span class='ocr_line' id='line_1_8' title="bbox 245 1049 1329 1132; baseline -0.002 -20"><span class='ocrx_word' id='word_1_71' title='bbox 245 1051 313 1113; x_wconf 90' lang='lat' dir='ltr'>sine</span> <span class='ocrx_word' id='word_1_72' title='bbox 328 1050 399 1113; x_wconf 93' lang='lat' dir='ltr'>dolo</span> <span class='ocrx_word' id='word_1_73' title='bbox 414 1051 484 1113; x_wconf 89' lang='lat' dir='ltr'>eius</span> <span class='ocrx_word' id='word_1_74' title='bbox 499 1053 555 1132; x_wconf 91' lang='lat' dir='ltr'>qui</span> <span class='ocrx_word' id='word_1_75' title='bbox 569 1050 685 1113; x_wconf 89' lang='lat' dir='ltr'>deiecit</span> <span class='ocrx_word' id='word_1_76' title='bbox 700 1049 816 1112; x_wconf 87' lang='lat' dir='ltr'>iactum</span> <span class='ocrx_word' id='word_1_77' title='bbox 831 1052 882 1127; x_wconf 89' lang='lat' dir='ltr'>sit,</span> <span class='ocrx_word' id='word_1_78' title='bbox 901 1050 1116 1113; x_wconf 85' lang='lat' dir='ltr'>aestimatione</span> <span class='ocrx_word' id='word_1_79' title='bbox 1127 1058 1236 1113; x_wconf 89' lang='lat' dir='ltr'>tamen</span> <span class='ocrx_word' id='word_1_80' title='bbox 1250 1069 1329 1111; x_wconf 89' lang='lat' dir='ltr'>cou-</span> 
     </span>
     <span class='ocr_line' id='line_1_9' title="bbox 196 1135 1329 1217; baseline 0.003 -22"><span class='ocrx_word' id='word_1_81' title='bbox 196 1138 229 1195; x_wconf 72' lang='lat'>8²</span> <span class='ocrx_word' id='word_1_82' title='bbox 245 1135 446 1199; x_wconf 76' lang='lat' dir='ltr'>damnandus</span> <span class='ocrx_word' id='word_1_83' title='bbox 462 1145 519 1216; x_wconf 91' lang='lat' dir='ltr'>est,</span> <span class='ocrx_word' id='word_1_84' title='bbox 539 1138 595 1217; x_wconf 92' lang='lat' dir='ltr'>qui</span> <span class='ocrx_word' id='word_1_85' title='bbox 610 1137 655 1198; x_wconf 92' lang='lat' dir='ltr'>ita</span> <span class='ocrx_word' id='word_1_86' title='bbox 668 1136 770 1198; x_wconf 91' lang='lat' dir='ltr'>uoluit</span> <span class='ocrx_word' id='word_1_87' title='bbox 784 1135 917 1216; x_wconf 88' lang='lat' dir='ltr'>adipisci</span> <span class='ocrx_word' id='word_1_88' title='bbox 933 1155 1000 1197; x_wconf 90' lang='lat' dir='ltr'>rem</span> <span class='ocrx_word' id='word_1_89' title='bbox 1016 1136 1095 1198; x_wconf 90' lang='lat' dir='ltr'>iuris</span> <span class='ocrx_word' id='word_1_90' title='bbox 1111 1137 1218 1198; x_wconf 86' lang='lat' dir='ltr'>alieni.</span> <span class='ocrx_word' id='word_1_91' title='bbox 1244 1135 1329 1198; x_wconf 83' lang='lat' dir='ltr'>*Gu-</span> 
     </span>
     <span class='ocr_line' id='line_1_10' title="bbox 244 1221 1328 1302; baseline 0.001 -19"><span class='ocrx_word' id='word_1_92' title='bbox 244 1221 448 1302; x_wconf 83' lang='lat' dir='ltr'>*iuscumque</span> <span class='ocrx_word' id='word_1_93' title='bbox 464 1221 555 1285; x_wconf 92' lang='lat' dir='ltr'>fundi</span> <span class='ocrx_word' id='word_1_94' title='bbox 575 1221 831 1285; x_wconf 89' lang='lat' dir='ltr'>usufructuarius</span> <span class='ocrx_word' id='word_1_95' title='bbox 851 1221 1031 1302; x_wconf 89' lang='lat' dir='ltr'>prohibitus</span> <span class='ocrx_word' id='word_1_96' title='bbox 1051 1231 1106 1284; x_wconf 85' lang='lat' dir='ltr'>aut</span> <span class='ocrx_word' id='word_1_97' title='bbox 1127 1221 1270 1284; x_wconf 90' lang='lat' dir='ltr'>deiectus</span> <span class='ocrx_word' id='word_1_98' title='bbox 1287 1221 1328 1284; x_wconf 89' lang='lat' dir='ltr'>de</span> 
     </span>
     <span class='ocr_line' id='line_1_11' title="bbox 243 1307 1377 1389; baseline -0.001 -20"><span class='ocrx_word' id='word_1_99' title='bbox 243 1309 461 1371; x_wconf 82' lang='lat' dir='ltr'>*restitutione</span> <span class='ocrx_word' id='word_1_100' title='bbox 484 1309 624 1370; x_wconf 90' lang='lat' dir='ltr'>omnium</span> <span class='ocrx_word' id='word_1_101' title='bbox 639 1328 745 1371; x_wconf 88' lang='lat' dir='ltr'>rerum</span> <span class='ocrx_word' id='word_1_102' title='bbox 765 1309 860 1370; x_wconf 91' lang='lat' dir='ltr'>simul</span> <span class='ocrx_word' id='word_1_103' title='bbox 875 1317 1097 1389; x_wconf 87' lang='lat' dir='ltr'>occupatarum</span> <span class='ocrx_word' id='word_1_104' title='bbox 1114 1309 1194 1389; x_wconf 77' lang='lat' dir='ltr'>agit:</span> <span class='ocrx_word' id='word_1_105' title='bbox 1220 1307 1327 1370; x_wconf 90' lang='lat' dir='ltr'>sedet</span> <span class='ocrx_word' id='word_1_106' title='bbox 1346 1321 1377 1368; x_wconf 84' lang='lat' dir='ltr'>tt</span> 
     </span>
     <span class='ocr_line' id='line_1_12' title="bbox 244 1393 1326 1475; baseline -0.001 -20"><span class='ocrx_word' id='word_1_107' title='bbox 244 1393 289 1456; x_wconf 85' lang='lat' dir='ltr'>*si</span> <span class='ocrx_word' id='word_1_108' title='bbox 301 1393 405 1456; x_wconf 88' lang='lat' dir='ltr'>medio</span> <span class='ocrx_word' id='word_1_109' title='bbox 419 1403 558 1475; x_wconf 89' lang='lat' dir='ltr'>tempore</span> <span class='ocrx_word' id='word_1_110' title='bbox 576 1395 675 1475; x_wconf 82' lang='lat' dir='ltr'>aliquo</span> <span class='ocrx_word' id='word_1_111' title='bbox 691 1413 765 1456; x_wconf 87' lang='lat' dir='ltr'>casu</span> <span class='ocrx_word' id='word_1_112' title='bbox 781 1393 980 1456; x_wconf 89' lang='lat' dir='ltr'>interciderit</span> <span class='ocrx_word' id='word_1_113' title='bbox 993 1393 1204 1472; x_wconf 81' lang='lat' dir='ltr'>ususfructus,</span> <span class='ocrx_word' id='word_1_114' title='bbox 1223 1412 1326 1474; x_wconf 89' lang='lat' dir='ltr'>aeque</span> 
     </span>
     <span class='ocr_line' id='line_1_13' title="bbox 192 1471 1326 1562; baseline 0.002 -24"><span class='ocrx_word' id='word_1_115' title='bbox 192 1471 227 1538; x_wconf 74' lang='lat' dir='ltr'>go</span> <span class='ocrx_word' id='word_1_116' title='bbox 242 1479 301 1542; x_wconf 84' lang='lat' dir='ltr'>*de</span> <span class='ocrx_word' id='word_1_117' title='bbox 323 1483 479 1562; x_wconf 89' lang='lat' dir='ltr'>perceptis</span> <span class='ocrx_word' id='word_1_118' title='bbox 500 1489 592 1542; x_wconf 92' lang='lat' dir='ltr'>antea</span> <span class='ocrx_word' id='word_1_119' title='bbox 606 1478 761 1542; x_wconf 71' lang='lat' dir='ltr'>buctibus</span> <span class='ocrx_word' id='word_1_120' title='bbox 781 1480 868 1542; x_wconf 89' lang='lat' dir='ltr'>utilis</span> <span class='ocrx_word' id='word_1_121' title='bbox 883 1481 962 1542; x_wconf 91' lang='lat' dir='ltr'>actio</span> <span class='ocrx_word' id='word_1_122' title='bbox 978 1480 1142 1542; x_wconf 86' lang='lat' dir='ltr'>tribuitur.</span> <span class='ocrx_word' id='word_1_123' title='bbox 1193 1481 1227 1542; x_wconf 91' lang='lat' dir='ltr'>Si</span> <span class='ocrx_word' id='word_1_124' title='bbox 1250 1478 1326 1542; x_wconf 88' lang='lat' dir='ltr'>fun-</span> 
     </span>
     <span class='ocr_line' id='line_1_14' title="bbox 243 1564 1321 1647; baseline -0.001 -19"><span class='ocrx_word' id='word_1_125' title='bbox 243 1565 339 1646; x_wconf 86' lang='lat' dir='ltr'>*dus,</span> <span class='ocrx_word' id='word_1_126' title='bbox 365 1569 456 1629; x_wconf 88' lang='lat' dir='ltr'>ouius</span> <span class='ocrx_word' id='word_1_127' title='bbox 475 1565 676 1629; x_wconf 81' lang='lat' dir='ltr'>ususfructus</span> <span class='ocrx_word' id='word_1_128' title='bbox 697 1568 832 1647; x_wconf 88' lang='lat' dir='ltr'>petitur,</span> <span class='ocrx_word' id='word_1_129' title='bbox 858 1585 920 1626; x_wconf 93' lang='lat' dir='ltr'>non</span> <span class='ocrx_word' id='word_1_130' title='bbox 935 1585 954 1628; x_wconf 89' lang='lat' dir='ltr'>a</span> <span class='ocrx_word' id='word_1_131' title='bbox 969 1565 1095 1628; x_wconf 89' lang='lat' dir='ltr'>domino</span> <span class='ocrx_word' id='word_1_132' title='bbox 1109 1564 1321 1647; x_wconf 87' lang='lat' dir='ltr'>possideatur,</span> 
     </span>
     <span class='ocr_line' id='line_1_15' title="bbox 242 1650 1324 1732; baseline 0 -18"><span class='ocrx_word' id='word_1_133' title='bbox 242 1651 338 1714; x_wconf 87' lang='lat' dir='ltr'>*actio</span> <span class='ocrx_word' id='word_1_134' title='bbox 360 1652 515 1715; x_wconf 89' lang='lat' dir='ltr'>redditur.</span> <span class='ocrx_word' id='word_1_135' title='bbox 563 1661 594 1714; x_wconf 89' lang='lat' dir='ltr'>et</span> <span class='ocrx_word' id='word_1_136' title='bbox 616 1652 686 1714; x_wconf 90' lang='lat' dir='ltr'>ideo</span> <span class='ocrx_word' id='word_1_137' title='bbox 708 1653 734 1714; x_wconf 92' lang='lat' dir='ltr'>si</span> <span class='ocrx_word' id='word_1_138' title='bbox 757 1650 904 1714; x_wconf 87' lang='lat' dir='ltr'>defundi</span> <span class='ocrx_word' id='word_1_139' title='bbox 926 1654 1119 1732; x_wconf 83' lang='lat' dir='ltr'>proprietate</span> <span class='ocrx_word' id='word_1_140' title='bbox 1142 1650 1228 1714; x_wconf 92' lang='lat' dir='ltr'>inter</span> <span class='ocrx_word' id='word_1_141' title='bbox 1243 1651 1324 1714; x_wconf 91' lang='lat' dir='ltr'>duos</span> 
     </span>
     <span class='ocr_line' id='line_1_16' title="bbox 221 1736 1376 1820; baseline -0.003 -19"><span class='ocrx_word' id='word_1_142' title='bbox 221 1736 402 1819; x_wconf 60' lang='lat' dir='ltr'>.*quaesti0</span> <span class='ocrx_word' id='word_1_143' title='bbox 423 1741 481 1820; x_wconf 87' lang='lat' dir='ltr'>sit,</span> <span class='ocrx_word' id='word_1_144' title='bbox 514 1737 707 1800; x_wconf 79' lang='lat' dir='ltr'>fructuarius</span> <span class='ocrx_word' id='word_1_145' title='bbox 728 1738 826 1800; x_wconf 92' lang='lat' dir='ltr'>nihilo</span> <span class='ocrx_word' id='word_1_146' title='bbox 848 1741 954 1799; x_wconf 90' lang='lat' dir='ltr'>minus</span> <span class='ocrx_word' id='word_1_147' title='bbox 976 1740 1009 1799; x_wconf 88' lang='lat' dir='ltr'>in</span> <span class='ocrx_word' id='word_1_148' title='bbox 1030 1738 1230 1819; x_wconf 87' lang='lat' dir='ltr'>possessione</span> <span class='ocrx_word' id='word_1_149' title='bbox 1252 1757 1323 1800; x_wconf 90' lang='lat' dir='ltr'>esse</span> <span class='ocrx_word' id='word_1_150' title='bbox 1343 1751 1376 1798; x_wconf 79' lang='lat'>⁴5</span> 
     </span>
     <span class='ocr_line' id='line_1_17' title="bbox 241 1822 1323 1906; baseline -0.001 -20"><span class='ocrx_word' id='word_1_151' title='bbox 241 1823 355 1887; x_wconf 86' lang='lat' dir='ltr'>*debet</span> <span class='ocrx_word' id='word_1_152' title='bbox 376 1827 516 1906; x_wconf 89' lang='lat' dir='ltr'>satisque</span> <span class='ocrx_word' id='word_1_153' title='bbox 539 1826 568 1886; x_wconf 92' lang='lat' dir='ltr'>ei</span> <span class='ocrx_word' id='word_1_154' title='bbox 584 1845 601 1886; x_wconf 89' lang='lat' dir='ltr'>a</span> <span class='ocrx_word' id='word_1_155' title='bbox 616 1843 796 1905; x_wconf 85' lang='lat' dir='ltr'>possessore</span> <span class='ocrx_word' id='word_1_156' title='bbox 817 1823 994 1886; x_wconf 87' lang='lat' dir='ltr'>cauendum</span> <span class='ocrx_word' id='word_1_157' title='bbox 1012 1833 1076 1904; x_wconf 88' lang='lat' dir='ltr'>est,</span> <span class='ocrx_word' id='word_1_158' title='bbox 1102 1822 1186 1903; x_wconf 90' lang='lat' dir='ltr'>quod</span> <span class='ocrx_word' id='word_1_159' title='bbox 1201 1842 1265 1884; x_wconf 90' lang='lat' dir='ltr'>non</span> <span class='ocrx_word' id='word_1_160' title='bbox 1282 1826 1323 1886; x_wconf 90' lang='lat' dir='ltr'>sit</span> 
     </span>
     <span class='ocr_line' id='line_1_18' title="bbox 240 1907 1322 1990; baseline 0.001 -19"><span class='ocrx_word' id='word_1_161' title='bbox 240 1907 476 1990; x_wconf 81' lang='lat' dir='ltr'>*prohibiturus</span> <span class='ocrx_word' id='word_1_162' title='bbox 490 1911 553 1973; x_wconf 89' lang='lat' dir='ltr'>frui</span> <span class='ocrx_word' id='word_1_163' title='bbox 569 1929 652 1989; x_wconf 89' lang='lat' dir='ltr'>eum,</span> <span class='ocrx_word' id='word_1_164' title='bbox 671 1911 722 1972; x_wconf 86' lang='lat' dir='ltr'>eui</span> <span class='ocrx_word' id='word_1_165' title='bbox 737 1910 936 1972; x_wconf 89' lang='lat' dir='ltr'>ususfructus</span> <span class='ocrx_word' id='word_1_166' title='bbox 948 1910 1076 1972; x_wconf 89' lang='lat' dir='ltr'>relictus</span> <span class='ocrx_word' id='word_1_167' title='bbox 1091 1917 1150 1988; x_wconf 87' lang='lat' dir='ltr'>est,</span> <span class='ocrx_word' id='word_1_168' title='bbox 1168 1909 1322 1990; x_wconf 88' lang='lat' dir='ltr'>quamdiu</span> 
     </span>
     <span class='ocr_line' id='line_1_19' title="bbox 178 1994 1323 2077; baseline -0.001 -19"><span class='ocrx_word' id='word_1_169' title='bbox 178 2053 179 2058; x_wconf 73' lang='grc'>,</span> <span class='ocrx_word' id='word_1_170' title='bbox 239 1995 299 2058; x_wconf 83' lang='lat' dir='ltr'>*de</span> <span class='ocrx_word' id='word_1_171' title='bbox 315 1999 384 2058; x_wconf 89' lang='lat' dir='ltr'>iure</span> <span class='ocrx_word' id='word_1_172' title='bbox 400 2016 457 2060; x_wconf 91' lang='lat' dir='ltr'>sue</span> <span class='ocrx_word' id='word_1_173' title='bbox 471 1996 595 2077; x_wconf 89' lang='lat' dir='ltr'>probet.</span> <span class='ocrx_word' id='word_1_174' title='bbox 642 1995 699 2058; x_wconf 90' lang='lat' dir='ltr'>sed</span> <span class='ocrx_word' id='word_1_175' title='bbox 713 1998 740 2057; x_wconf 93' lang='lat' dir='ltr'>si</span> <span class='ocrx_word' id='word_1_176' title='bbox 755 1997 818 2076; x_wconf 90' lang='lat' dir='ltr'>ipsi</span> <span class='ocrx_word' id='word_1_177' title='bbox 839 1994 1073 2058; x_wconf 87' lang='lat' dir='ltr'>usufructuario</span> <span class='ocrx_word' id='word_1_178' title='bbox 1095 1997 1238 2075; x_wconf 86' lang='lat' dir='ltr'>quaestio</span> <span class='ocrx_word' id='word_1_179' title='bbox 1254 2015 1323 2057; x_wconf 93' lang='lat' dir='ltr'>mo-</span> 
     </span>
     <span class='ocr_line' id='line_1_20' title="bbox 239 2080 1321 2161; baseline 0 -17"><span class='ocrx_word' id='word_1_180' title='bbox 239 2080 389 2161; x_wconf 82' lang='lat' dir='ltr'>*ueatur,</span> <span class='ocrx_word' id='word_1_181' title='bbox 417 2083 544 2144; x_wconf 91' lang='lat' dir='ltr'>interim</span> <span class='ocrx_word' id='word_1_182' title='bbox 565 2080 766 2144; x_wconf 89' lang='lat' dir='ltr'>ususfructus</span> <span class='ocrx_word' id='word_1_183' title='bbox 789 2083 857 2144; x_wconf 89' lang='lat' dir='ltr'>eius</span> <span class='ocrx_word' id='word_1_184' title='bbox 879 2081 1040 2144; x_wconf 81' lang='lat' dir='ltr'>differtur:</span> <span class='ocrx_word' id='word_1_185' title='bbox 1074 2080 1130 2143; x_wconf 91' lang='lat' dir='ltr'>sed</span> <span class='ocrx_word' id='word_1_186' title='bbox 1150 2082 1257 2143; x_wconf 88' lang='lat' dir='ltr'>caueri</span> <span class='ocrx_word' id='word_1_187' title='bbox 1279 2082 1321 2144; x_wconf 88' lang='lat' dir='ltr'>de</span> 
     </span>
     <span class='ocr_line' id='line_1_21' title="bbox 239 2166 1373 2249; baseline -0.004 -21"><span class='ocrx_word' id='word_1_188' title='bbox 239 2166 453 2230; x_wconf 84' lang='lat' dir='ltr'>*restituendo</span> <span class='ocrx_word' id='word_1_189' title='bbox 469 2188 516 2247; x_wconf 86' lang='lat' dir='ltr'>eo,</span> <span class='ocrx_word' id='word_1_190' title='bbox 534 2167 618 2248; x_wconf 92' lang='lat' dir='ltr'>quod</span> <span class='ocrx_word' id='word_1_191' title='bbox 633 2188 673 2229; x_wconf 84' lang='lat' dir='ltr'>ex</span> <span class='ocrx_word' id='word_1_192' title='bbox 686 2168 736 2230; x_wconf 89' lang='lat' dir='ltr'>his</span> <span class='ocrx_word' id='word_1_193' title='bbox 750 2167 907 2230; x_wconf 89' lang='lat' dir='ltr'>fructibus</span> <span class='ocrx_word' id='word_1_194' title='bbox 922 2176 1131 2249; x_wconf 91' lang='lat' dir='ltr'>percepturus</span> <span class='ocrx_word' id='word_1_195' title='bbox 1146 2178 1205 2246; x_wconf 91' lang='lat' dir='ltr'>est,</span> <span class='ocrx_word' id='word_1_196' title='bbox 1224 2169 1277 2230; x_wconf 91' lang='lat' dir='ltr'>uel</span> <span class='ocrx_word' id='word_1_197' title='bbox 1293 2169 1321 2228; x_wconf 90' lang='lat' dir='ltr'>si</span> <span class='ocrx_word' id='word_1_198' title='bbox 1339 2179 1373 2224; x_wconf 77' lang='lat' dir='ltr'>ao</span> 
     </span>
     <span class='ocr_line' id='line_1_22' title="bbox 189 2251 1321 2334; baseline 0.002 -21"><span class='ocrx_word' id='word_1_199' title='bbox 189 2255 222 2313; x_wconf 75' lang='lat' dir='ltr'>ge</span> <span class='ocrx_word' id='word_1_200' title='bbox 239 2251 332 2315; x_wconf 87' lang='lat' dir='ltr'>*satis</span> <span class='ocrx_word' id='word_1_201' title='bbox 347 2272 409 2315; x_wconf 91' lang='lat' dir='ltr'>non</span> <span class='ocrx_word' id='word_1_202' title='bbox 423 2253 529 2334; x_wconf 90' lang='lat' dir='ltr'>detur,</span> <span class='ocrx_word' id='word_1_203' title='bbox 548 2255 616 2334; x_wconf 91' lang='lat' dir='ltr'>ipse</span> <span class='ocrx_word' id='word_1_204' title='bbox 633 2252 696 2315; x_wconf 91' lang='lat' dir='ltr'>frui</span> <span class='ocrx_word' id='word_1_205' title='bbox 710 2253 917 2334; x_wconf 88' lang='lat' dir='ltr'>permittitur.</span> <span class='ocrx_word' id='word_1_206' title='bbox 946 2256 979 2316; x_wconf 84' lang='lat' dir='ltr'>si</span> <span class='ocrx_word' id='word_1_207' title='bbox 994 2253 1035 2315; x_wconf 91' lang='lat' dir='ltr'>de</span> <span class='ocrx_word' id='word_1_208' title='bbox 1049 2255 1103 2316; x_wconf 84' lang='lat' dir='ltr'>tria</span> <span class='ocrx_word' id='word_1_209' title='bbox 1117 2254 1321 2316; x_wconf 79' lang='lat' dir='ltr'>itinerc&#39;actu</span> 
     </span>
     <span class='ocr_line' id='line_1_23' title="bbox 239 2336 1321 2420; baseline -0.001 -19"><span class='ocrx_word' id='word_1_210' title='bbox 239 2336 459 2419; x_wconf 78' lang='lat' dir='ltr'>*aquaeductu</span> <span class='ocrx_word' id='word_1_211' title='bbox 474 2349 595 2419; x_wconf 78' lang='lat' dir='ltr'>agatur,</span> <span class='ocrx_word' id='word_1_212' title='bbox 615 2339 796 2402; x_wconf 89' lang='lat' dir='ltr'>huiusmodi</span> <span class='ocrx_word' id='word_1_213' title='bbox 808 2340 910 2402; x_wconf 88' lang='lat' dir='ltr'>cautio</span> <span class='ocrx_word' id='word_1_214' title='bbox 924 2339 1113 2420; x_wconf 89' lang='lat' dir='ltr'>praestanda</span> <span class='ocrx_word' id='word_1_215' title='bbox 1127 2348 1185 2418; x_wconf 92' lang='lat' dir='ltr'>est,</span> <span class='ocrx_word' id='word_1_216' title='bbox 1205 2357 1321 2419; x_wconf 90' lang='lat' dir='ltr'>quam-</span> 
     </span>
     <span class='ocr_line' id='line_1_24' title="bbox 238 2423 1320 2506; baseline 0 -20"><span class='ocrx_word' id='word_1_217' title='bbox 238 2423 313 2486; x_wconf 87' lang='lat' dir='ltr'>*diu</span> <span class='ocrx_word' id='word_1_218' title='bbox 333 2425 407 2506; x_wconf 88' lang='lat' dir='ltr'>quis</span> <span class='ocrx_word' id='word_1_219' title='bbox 422 2425 461 2487; x_wconf 91' lang='lat' dir='ltr'>de</span> <span class='ocrx_word' id='word_1_220' title='bbox 478 2426 546 2492; x_wconf 92' lang='lat' dir='ltr'>iure</span> <span class='ocrx_word' id='word_1_221' title='bbox 567 2445 623 2487; x_wconf 91' lang='lat' dir='ltr'>suo</span> <span class='ocrx_word' id='word_1_222' title='bbox 639 2425 764 2506; x_wconf 89' lang='lat' dir='ltr'>doceat,</span> <span class='ocrx_word' id='word_1_223' title='bbox 788 2445 851 2488; x_wconf 92' lang='lat' dir='ltr'>non</span> <span class='ocrx_word' id='word_1_224' title='bbox 867 2445 901 2488; x_wconf 88' lang='lat' dir='ltr'>sc</span> <span class='ocrx_word' id='word_1_225' title='bbox 922 2424 1148 2506; x_wconf 90' lang='lat' dir='ltr'>impediturum</span> <span class='ocrx_word' id='word_1_226' title='bbox 1170 2434 1320 2505; x_wconf 78' lang='lat' dir='ltr'>agentem</span> 
     </span>
     <span class='ocr_line' id='line_1_25' title="bbox 238 2508 1319 2592; baseline 0.001 -21"><span class='ocrx_word' id='word_1_227' title='bbox 238 2508 288 2572; x_wconf 80' lang='lat' dir='ltr'>*et</span> <span class='ocrx_word' id='word_1_228' title='bbox 308 2529 423 2590; x_wconf 89' lang='lat' dir='ltr'>aquam</span> <span class='ocrx_word' id='word_1_229' title='bbox 445 2510 614 2573; x_wconf 88' lang='lat' dir='ltr'>ducentem</span> <span class='ocrx_word' id='word_1_230' title='bbox 635 2521 666 2573; x_wconf 91' lang='lat' dir='ltr'>et</span> <span class='ocrx_word' id='word_1_231' title='bbox 688 2513 750 2573; x_wconf 91' lang='lat' dir='ltr'>iter</span> <span class='ocrx_word' id='word_1_232' title='bbox 770 2511 945 2576; x_wconf 87' lang='lat' dir='ltr'>facientem.</span> <span class='ocrx_word' id='word_1_233' title='bbox 994 2511 1079 2592; x_wconf 92' lang='lat' dir='ltr'>quod</span> <span class='ocrx_word' id='word_1_234' title='bbox 1102 2512 1129 2573; x_wconf 90' lang='lat' dir='ltr'>si</span> <span class='ocrx_word' id='word_1_235' title='bbox 1150 2521 1247 2591; x_wconf 80' lang='lat' dir='ltr'>neget</span> <span class='ocrx_word' id='word_1_236' title='bbox 1268 2511 1319 2572; x_wconf 93' lang='lat' dir='ltr'>ius</span> 
     </span>
     <span class='ocr_line' id='line_1_26' title="bbox 237 2594 1371 2678; baseline -0.003 -20"><span class='ocrx_word' id='word_1_237' title='bbox 237 2594 326 2658; x_wconf 82' lang='lat' dir='ltr'>*esse</span> <span class='ocrx_word' id='word_1_238' title='bbox 340 2596 522 2660; x_wconf 88' lang='lat' dir='ltr'>aduersario</span> <span class='ocrx_word' id='word_1_239' title='bbox 541 2597 655 2678; x_wconf 78' lang='lat' dir='ltr'>agendi</span> <span class='ocrx_word' id='word_1_240' title='bbox 676 2615 778 2678; x_wconf 89' lang='lat' dir='ltr'>aquae</span> <span class='ocrx_word' id='word_1_241' title='bbox 793 2597 974 2677; x_wconf 82' lang='lat' dir='ltr'>ducendae,</span> <span class='ocrx_word' id='word_1_242' title='bbox 1000 2616 1112 2660; x_wconf 89' lang='lat' dir='ltr'>cauere</span> <span class='ocrx_word' id='word_1_243' title='bbox 1134 2597 1202 2659; x_wconf 91' lang='lat' dir='ltr'>sine</span> <span class='ocrx_word' id='word_1_244' title='bbox 1223 2617 1319 2677; x_wconf 88' lang='lat' dir='ltr'>prae·</span> <span class='ocrx_word' id='word_1_245' title='bbox 1337 2611 1371 2656; x_wconf 76' lang='lat' dir='ltr'>ee</span> 
     </span>
     <span class='ocr_line' id='line_1_27' title="bbox 236 2679 1320 2763; baseline 0.002 -21"><span class='ocrx_word' id='word_1_246' title='bbox 236 2680 372 2746; x_wconf 79' lang='lat' dir='ltr'>*iudicio</span> <span class='ocrx_word' id='word_1_247' title='bbox 395 2683 585 2747; x_wconf 89' lang='lat' dir='ltr'>amittendae</span> <span class='ocrx_word' id='word_1_248' title='bbox 606 2683 770 2746; x_wconf 88' lang='lat' dir='ltr'>seruitutis</span> <span class='ocrx_word' id='word_1_249' title='bbox 785 2683 933 2762; x_wconf 90' lang='lat' dir='ltr'>debebit,</span> <span class='ocrx_word' id='word_1_250' title='bbox 950 2682 1052 2745; x_wconf 90' lang='lat' dir='ltr'>donec</span> <span class='ocrx_word' id='word_1_251' title='bbox 1067 2683 1209 2763; x_wconf 85' lang='lat' dir='ltr'>quaestio</span> <span class='ocrx_word' id='word_1_252' title='bbox 1226 2679 1320 2744; x_wconf 88' lang='lat' dir='ltr'>finie-</span> 
     </span>
     <span class='ocr_line' id='line_1_28' title="bbox 184 2761 1314 2849; baseline 0.002 -21"><span class='ocrx_word' id='word_1_253' title='bbox 184 2761 220 2828; x_wconf 78' lang='lat' dir='ltr'>ga</span> <span class='ocrx_word' id='word_1_254' title='bbox 235 2767 324 2849; x_wconf 81' lang='lat' dir='ltr'>*tur,</span> <span class='ocrx_word' id='word_1_255' title='bbox 342 2789 405 2831; x_wconf 91' lang='lat' dir='ltr'>non</span> <span class='ocrx_word' id='word_1_256' title='bbox 420 2789 453 2832; x_wconf 89' lang='lat' dir='ltr'>se</span> <span class='ocrx_word' id='word_1_257' title='bbox 469 2771 613 2832; x_wconf 70' lang='lat' dir='ltr'>usurum.</span> <span class='ocrx_word' id='word_1_258' title='bbox 662 2819 668 2831; x_wconf 91' lang='lat'>.</span> <span class='ocrx_word' id='word_1_259' title='bbox 686 2817 694 2832; x_wconf 93' lang='lat'>.</span> <span class='ocrx_word' id='word_1_260' title='bbox 711 2815 742 2830; x_wconf 91' lang='lat'>..</span> <span class='ocrx_word' id='word_1_261' title='bbox 769 2769 979 2847; x_wconf 88' lang='lat' dir='ltr'>fructuarius,</span> <span class='ocrx_word' id='word_1_262' title='bbox 1004 2770 1077 2831; x_wconf 90' lang='lat' dir='ltr'>lieet</span> <span class='ocrx_word' id='word_1_263' title='bbox 1099 2788 1156 2830; x_wconf 90' lang='lat' dir='ltr'>suo</span> <span class='ocrx_word' id='word_1_264' title='bbox 1173 2770 1314 2830; x_wconf 88' lang='lat' dir='ltr'>nornine.</span> 
     </span>
     <span class='ocr_line' id='line_1_29' title="bbox 134 2847 1318 2919; baseline 0.003 -7"><span class='ocrx_word' id='word_1_265' title='bbox 134 2855 168 2912; x_wconf 78' lang='lat'>8⁰</span> <span class='ocrx_word' id='word_1_266' title='bbox 188 2847 222 2914; x_wconf 73' lang='lat' dir='ltr'>ftf</span> <span class='ocrx_word' id='word_1_267' title='bbox 235 2853 263 2914; x_wconf 81' lang='lat'>*.</span> <span class='ocrx_word' id='word_1_268' title='bbox 281 2899 288 2916; x_wconf 90' lang='lat'>.</span> <span class='ocrx_word' id='word_1_269' title='bbox 305 2901 337 2917; x_wconf 91' lang='lat'>..</span> <span class='ocrx_word' id='word_1_270' title='bbox 363 2855 431 2918; x_wconf 91' lang='lat' dir='ltr'>siue</span> <span class='ocrx_word' id='word_1_271' title='bbox 446 2855 487 2918; x_wconf 89' lang='lat' dir='ltr'>ad</span> <span class='ocrx_word' id='word_1_272' title='bbox 510 2856 643 2919; x_wconf 91' lang='lat' dir='ltr'>fundum</span> <span class='ocrx_word' id='word_1_273' title='bbox 658 2864 801 2918; x_wconf 90' lang='lat' dir='ltr'>nostrum</span> <span class='ocrx_word' id='word_1_274' title='bbox 822 2855 896 2916; x_wconf 89' lang='lat' dir='ltr'>facit</span> <span class='ocrx_word' id='word_1_275' title='bbox 910 2855 979 2917; x_wconf 88' lang='lat' dir='ltr'>siue</span> <span class='ocrx_word' id='word_1_276' title='bbox 995 2875 1035 2916; x_wconf 81' lang='lat' dir='ltr'>ex</span> <span class='ocrx_word' id='word_1_277' title='bbox 1049 2854 1159 2918; x_wconf 87' lang='lat' dir='ltr'>fundo.</span> <span class='ocrx_word' id='word_1_278' title='bbox 1205 2856 1318 2917; x_wconf 88' lang='lat' dir='ltr'>Serui-</span> 
     </span>
     <span class='ocr_line' id='line_1_30' title="bbox 235 2939 1314 3021; baseline 0.001 -21"><span class='ocrx_word' id='word_1_279' title='bbox 235 2939 321 3003; x_wconf 82' lang='lat' dir='ltr'>*tute</span> <span class='ocrx_word' id='word_1_280' title='bbox 343 2961 420 3004; x_wconf 90' lang='lat' dir='ltr'>usus</span> <span class='ocrx_word' id='word_1_281' title='bbox 435 2961 498 3003; x_wconf 91' lang='lat' dir='ltr'>non</span> <span class='ocrx_word' id='word_1_282' title='bbox 518 2941 723 3008; x_wconf 86' lang='lat' dir='ltr'>uideturnisi</span> <span class='ocrx_word' id='word_1_283' title='bbox 740 2943 778 3021; x_wconf 93' lang='lat' dir='ltr'>is,</span> <span class='ocrx_word' id='word_1_284' title='bbox 803 2942 930 3021; x_wconf 91' lang='lat' dir='ltr'>quisue</span> <span class='ocrx_word' id='word_1_285' title='bbox 953 2941 1020 3002; x_wconf 90' lang='lat' dir='ltr'>iure</span> <span class='ocrx_word' id='word_1_286' title='bbox 1041 2943 1088 3003; x_wconf 92' lang='lat' dir='ltr'>uti</span> <span class='ocrx_word' id='word_1_287' title='bbox 1102 2960 1137 3002; x_wconf 90' lang='lat' dir='ltr'>se</span> <span class='ocrx_word' id='word_1_288' title='bbox 1159 2940 1314 3003; x_wconf 90' lang='lat' dir='ltr'>credidit:</span> 
     </span>
     <span class='ocr_line' id='line_1_31' title="bbox 235 3025 1370 3108; baseline -0.004 -20"><span class='ocrx_word' id='word_1_289' title='bbox 235 3025 390 3107; x_wconf 84' lang='lat' dir='ltr'>*ideoque</span> <span class='ocrx_word' id='word_1_290' title='bbox 412 3029 440 3088; x_wconf 92' lang='lat' dir='ltr'>si</span> <span class='ocrx_word' id='word_1_291' title='bbox 457 3029 534 3108; x_wconf 50' lang='lat' dir='ltr'>¹quis</span> <span class='ocrx_word' id='word_1_292' title='bbox 556 3047 613 3108; x_wconf 93' lang='lat' dir='ltr'>pro</span> <span class='ocrx_word' id='word_1_293' title='bbox 635 3028 688 3090; x_wconf 88' lang='lat' dir='ltr'>uia</span> <span class='ocrx_word' id='word_1_294' title='bbox 709 3026 837 3108; x_wconf 90' lang='lat' dir='ltr'>publica</span> <span class='ocrx_word' id='word_1_295' title='bbox 859 3028 912 3088; x_wconf 91' lang='lat' dir='ltr'>uel</span> <span class='ocrx_word' id='word_1_296' title='bbox 927 3046 984 3107; x_wconf 93' lang='lat' dir='ltr'>pro</span> <span class='ocrx_word' id='word_1_297' title='bbox 1007 3027 1136 3090; x_wconf 89' lang='lat' dir='ltr'>alterius</span> <span class='ocrx_word' id='word_1_298' title='bbox 1157 3028 1314 3089; x_wconf 86' lang='lat' dir='ltr'>seruitute</span> <span class='ocrx_word' id='word_1_299' title='bbox 1334 3040 1370 3085; x_wconf 84' lang='lat' dir='ltr'>eo</span> 
     </span>
     <span class='ocr_line' id='line_1_32' title="bbox 199 3108 1316 3194; baseline 0.002 -22"><span class='ocrx_word' id='word_1_300' title='bbox 199 3113 217 3171; x_wconf 88' lang='lat'>9</span> <span class='ocrx_word' id='word_1_301' title='bbox 235 3108 330 3174; x_wconf 87' lang='lat' dir='ltr'>*usus</span> <span class='ocrx_word' id='word_1_302' title='bbox 346 3114 401 3191; x_wconf 93' lang='lat' dir='ltr'>sit,</span> <span class='ocrx_word' id='word_1_303' title='bbox 427 3131 486 3176; x_wconf 91' lang='lat' dir='ltr'>nec</span> <span class='ocrx_word' id='word_1_304' title='bbox 507 3113 711 3176; x_wconf 89' lang='lat' dir='ltr'>interdictum</span> <span class='ocrx_word' id='word_1_305' title='bbox 733 3132 793 3176; x_wconf 89' lang='lat' dir='ltr'>nce</span> <span class='ocrx_word' id='word_1_306' title='bbox 815 3113 894 3175; x_wconf 92' lang='lat' dir='ltr'>actio</span> <span class='ocrx_word' id='word_1_307' title='bbox 913 3113 1034 3174; x_wconf 88' lang='lat' dir='ltr'>utiliter</span> <span class='ocrx_word' id='word_1_308' title='bbox 1055 3109 1235 3194; x_wconf 83' lang='lat' dir='ltr'>competit*</span> <span class='ocrx_word' id='word_1_309' title='bbox 1281 3114 1316 3174; x_wconf 91' lang='lat' dir='ltr'>Si</span> 
     </span>
     <span class='ocr_line' id='line_1_33' title="bbox 235 3197 1315 3280; baseline 0.005 -24"><span class='ocrx_word' id='word_1_310' title='bbox 235 3197 318 3259; x_wconf 92' lang='lat' dir='ltr'>inter</span> <span class='ocrx_word' id='word_1_311' title='bbox 338 3199 460 3260; x_wconf 90' lang='lat' dir='ltr'>uicinos</span> <span class='ocrx_word' id='word_1_312' title='bbox 482 3218 523 3260; x_wconf 81' lang='lat' dir='ltr'>ex</span> <span class='ocrx_word' id='word_1_313' title='bbox 544 3200 701 3261; x_wconf 89' lang='lat' dir='ltr'>communi</span> <span class='ocrx_word' id='word_1_314' title='bbox 723 3200 791 3260; x_wconf 92' lang='lat' dir='ltr'>riuo</span> <span class='ocrx_word' id='word_1_315' title='bbox 813 3217 897 3279; x_wconf 90' lang='lat' dir='ltr'>aqua</span> <span class='ocrx_word' id='word_1_316' title='bbox 918 3197 1068 3278; x_wconf 88' lang='lat' dir='ltr'>ducatur,</span> <span class='ocrx_word' id='word_1_317' title='bbox 1093 3199 1201 3260; x_wconf 92' lang='lat' dir='ltr'>induci</span> <span class='ocrx_word' id='word_1_318' title='bbox 1222 3200 1315 3280; x_wconf 91' lang='lat' dir='ltr'>prius</span> 
     </span>
    </p>
   </div>
   <div class='ocr_carea' id='block_1_3' title="bbox 148 3333 1314 3503">
    <p class='ocr_par' dir='ltr' id='par_1_3' title="bbox 148 3333 1314 3503">
     <span class='ocr_line' id='line_1_34' title="bbox 305 3333 1314 3435; baseline -0.003 -18"><span class='ocrx_word' id='word_1_319' title='bbox 305 3333 671 3432; x_wconf 71' lang='lat' dir='ltr'>o‚e.eb=mp.r,r,eo</span> <span class='ocrx_word' id='word_1_320' title='bbox 713 3369 725 3434; x_wconf 95' lang='grc' dir='ltr'><strong>ι</strong></span> <span class='ocrx_word' id='word_1_321' title='bbox 768 3369 1097 3434; x_wconf 51' lang='lat' dir='ltr'>remoraretur</span> <span class='ocrx_word' id='word_1_322' title='bbox 1139 3369 1151 3435; x_wconf 93' lang='grc' dir='ltr'>ιι</span> <span class='ocrx_word' id='word_1_323' title='bbox 1197 3366 1314 3434; x_wconf 65' lang='lat' dir='ltr'>eet=</span> 
     </span>
     <span class='ocr_line' id='line_1_35' title="bbox 148 3435 1187 3503; baseline 0.001 -16"><span class='ocrx_word' id='word_1_324' title='bbox 148 3489 149 3494; x_wconf 66' lang='grc'>,</span> <span class='ocrx_word' id='word_1_325' title='bbox 235 3435 418 3500; x_wconf 67' lang='lat' dir='ltr'>neeesse</span> <span class='ocrx_word' id='word_1_326' title='bbox 453 3437 464 3501; x_wconf 97' lang='grc' dir='ltr'>ιι</span> <span class='ocrx_word' id='word_1_327' title='bbox 495 3437 808 3502; x_wconf 73' lang='lat' dir='ltr'>e,ee=nq.e,e,et</span> <span class='ocrx_word' id='word_1_328' title='bbox 838 3438 849 3501; x_wconf 92' lang='grc' dir='ltr'>ιι</span> <span class='ocrx_word' id='word_1_329' title='bbox 880 3435 1187 3503; x_wconf 72' lang='lat' dir='ltr'>o,er=nq.e,e‚es</span> 
     </span>
    </p>
   </div>
   <div class='ocr_carea' id='block_1_4' title="bbox 935 3541 1314 3556">
    <p class='ocr_par' dir='ltr' id='par_1_4' title="bbox 935 3541 1314 3556">
     <span class='ocr_line' id='line_1_36' title="bbox 935 3541 1314 3556; baseline 0 -2"><span class='ocrx_word' id='word_1_330' title='bbox 935 3541 1314 3556; x_wconf 52' lang='lat' dir='ltr'>AMAAWAAMMNWNM</span> 
     </span>
    </p>
   </div>
   <div class='ocr_carea' id='block_1_5' title="bbox 182 3607 1317 4222">
    <p class='ocr_par' dir='ltr' id='par_1_5' title="bbox 182 3607 1317 4222">
     <span class='ocr_line' id='line_1_37' title="bbox 305 3607 1317 3678; baseline 0.004 -21"><span class='ocrx_word' id='word_1_331' title='bbox 305 3613 313 3657; x_wconf 84' lang='lat' dir='ltr'>t</span> <span class='ocrx_word' id='word_1_332' title='bbox 331 3609 458 3673; x_wconf 89' lang='lat' dir='ltr'>idemque</span> <span class='ocrx_word' id='word_1_333' title='bbox 468 3607 619 3672; x_wconf 80' lang='lat' dir='ltr'>Siclardus,</span> <span class='ocrx_word' id='word_1_334' title='bbox 629 3608 712 3674; x_wconf 88' lang='lat' dir='ltr'>idque</span> <span class='ocrx_word' id='word_1_335' title='bbox 721 3611 819 3660; x_wconf 82' lang='lat' dir='ltr'>codices</span> <span class='ocrx_word' id='word_1_336' title='bbox 842 3610 852 3673; x_wconf 95' lang='grc' dir='ltr'>ιι</span> <span class='ocrx_word' id='word_1_337' title='bbox 877 3611 947 3674; x_wconf 90' lang='lat' dir='ltr'>8qui</span> <span class='ocrx_word' id='word_1_338' title='bbox 958 3610 987 3671; x_wconf 88' lang='lat' dir='ltr'>L,</span> <span class='ocrx_word' id='word_1_339' title='bbox 999 3611 1063 3674; x_wconf 92' lang='lat' dir='ltr'>quia</span> <span class='ocrx_word' id='word_1_340' title='bbox 1075 3611 1102 3660; x_wconf 86' lang='grc' dir='ltr'><em>Μ</em></span> <span class='ocrx_word' id='word_1_341' title='bbox 1124 3611 1135 3676; x_wconf 92' lang='grc' dir='ltr'><strong>ι</strong></span> <span class='ocrx_word' id='word_1_342' title='bbox 1160 3614 1186 3661; x_wconf 86' lang='lat' dir='ltr'>ti</span> <span class='ocrx_word' id='word_1_343' title='bbox 1203 3611 1257 3662; x_wconf 91' lang='lat' dir='ltr'>alio</span> <span class='ocrx_word' id='word_1_344' title='bbox 1268 3613 1292 3661; x_wconf 82' lang='lat' dir='ltr'>F</span> <span class='ocrx_word' id='word_1_345' title='bbox 1305 3608 1317 3678; x_wconf 93' lang='grc' dir='ltr'>ιι</span> 
     </span>
     <span class='ocr_line' id='line_1_38' title="bbox 182 3677 1313 3745; baseline 0.004 -19"><span class='ocrx_word' id='word_1_346' title='bbox 182 3695 184 3698; x_wconf 95' lang='grc'><strong><em>·</em></strong></span> <span class='ocrx_word' id='word_1_347' title='bbox 235 3677 634 3738; x_wconf 71' lang='lat' dir='ltr'>redifferturdett.‚offerturl&#39;</span> <span class='ocrx_word' id='word_1_348' title='bbox 654 3677 666 3742; x_wconf 96' lang='grc' dir='ltr'>ιι</span> <span class='ocrx_word' id='word_1_349' title='bbox 688 3677 789 3741; x_wconf 86' lang='lat' dir='ltr'>caueri]</span> <span class='ocrx_word' id='word_1_350' title='bbox 803 3680 916 3736; x_wconf 86' lang='lat' dir='ltr'>cauetur</span> <span class='ocrx_word' id='word_1_351' title='bbox 924 3680 949 3728; x_wconf 89' lang='lat' dir='ltr'>ei</span> <span class='ocrx_word' id='word_1_352' title='bbox 959 3679 1100 3730; x_wconf 77' lang='lat' dir='ltr'>Mommsen</span> <span class='ocrx_word' id='word_1_353' title='bbox 1123 3679 1134 3744; x_wconf 96' lang='grc' dir='ltr'>ιι</span> <span class='ocrx_word' id='word_1_354' title='bbox 1159 3683 1190 3728; x_wconf 81' lang='lat' dir='ltr'>te</span> <span class='ocrx_word' id='word_1_355' title='bbox 1204 3681 1313 3745; x_wconf 83' lang='lat' dir='ltr'>agendi]</span> 
     </span>
     <span class='ocr_line' id='line_1_39' title="bbox 233 3743 1316 3813; baseline 0.003 -17"><span class='ocrx_word' id='word_1_356' title='bbox 233 3747 315 3796; x_wconf 87' lang='lat' dir='ltr'>eundi</span> <span class='ocrx_word' id='word_1_357' title='bbox 328 3746 424 3810; x_wconf 82' lang='lat' dir='ltr'>agendi</span> <span class='ocrx_word' id='word_1_358' title='bbox 438 3747 580 3797; x_wconf 74' lang='lat' dir='ltr'>Meconem</span> <span class='ocrx_word' id='word_1_359' title='bbox 608 3745 620 3810; x_wconf 95' lang='grc' dir='ltr'>ιι</span> <span class='ocrx_word' id='word_1_360' title='bbox 649 3747 803 3798; x_wconf 85' lang='lat' dir='ltr'>ducendiF</span> <span class='ocrx_word' id='word_1_361' title='bbox 835 3746 846 3811; x_wconf 93' lang='grc' dir='ltr'>ιι</span> <span class='ocrx_word' id='word_1_362' title='bbox 882 3751 912 3796; x_wconf 77' lang='lat'>27</span> <span class='ocrx_word' id='word_1_363' title='bbox 927 3745 954 3811; x_wconf 79' lang='grc' dir='ltr'><strong>ιι</strong></span> <span class='ocrx_word' id='word_1_364' title='bbox 967 3743 1006 3810; x_wconf 64' lang='lat' dir='ltr'>td„</span> <span class='ocrx_word' id='word_1_365' title='bbox 1022 3751 1050 3797; x_wconf 74' lang='lat'>80</span> <span class='ocrx_word' id='word_1_366' title='bbox 1063 3747 1204 3798; x_wconf 80' lang='lat' dir='ltr'>Scaeuolae</span> <span class='ocrx_word' id='word_1_367' title='bbox 1214 3751 1316 3813; x_wconf 73' lang='lat' dir='ltr'>repetis</span> 
     </span>
     <span class='ocr_line' id='line_1_40' title="bbox 232 3816 1311 3881; baseline 0.005 -16"><span class='ocrx_word' id='word_1_368' title='bbox 232 3818 269 3866; x_wconf 79' lang='lat' dir='ltr'>ate</span> <span class='ocrx_word' id='word_1_369' title='bbox 280 3818 393 3866; x_wconf 77' lang='lat' dir='ltr'>insertae</span> <span class='ocrx_word' id='word_1_370' title='bbox 404 3821 480 3866; x_wconf 77' lang='lat' dir='ltr'>eunt:</span> <span class='ocrx_word' id='word_1_371' title='bbox 493 3829 546 3866; x_wconf 90' lang='lat' dir='ltr'>usu</span> <span class='ocrx_word' id='word_1_372' title='bbox 557 3817 689 3866; x_wconf 86' lang='lat' dir='ltr'>retinetur</span> <span class='ocrx_word' id='word_1_373' title='bbox 700 3817 828 3878; x_wconf 89' lang='lat' dir='ltr'>seruitus,</span> <span class='ocrx_word' id='word_1_374' title='bbox 843 3828 906 3866; x_wconf 91' lang='lat' dir='ltr'>cum</span> <span class='ocrx_word' id='word_1_375' title='bbox 918 3817 976 3881; x_wconf 89' lang='lat' dir='ltr'>ipse</span> <span class='ocrx_word' id='word_1_376' title='bbox 988 3817 1033 3867; x_wconf 89' lang='lat' dir='ltr'>oui</span> <span class='ocrx_word' id='word_1_377' title='bbox 1046 3816 1161 3867; x_wconf 86' lang='lat' dir='ltr'>debetur</span> <span class='ocrx_word' id='word_1_378' title='bbox 1172 3819 1292 3868; x_wconf 88' lang='lat' dir='ltr'>utitur..</span> <span class='ocrx_word' id='word_1_379' title='bbox 1304 3856 1311 3870; x_wconf 88' lang='lat'>.</span> 
     </span>
     <span class='ocr_line' id='line_1_41' title="bbox 231 3882 1315 3952; baseline 0.003 -18"><span class='ocrx_word' id='word_1_380' title='bbox 231 3887 278 3934; x_wconf 87' lang='lat' dir='ltr'>aut</span> <span class='ocrx_word' id='word_1_381' title='bbox 289 3883 456 3935; x_wconf 89' lang='lat' dir='ltr'>fructuarius</span> <span class='ocrx_word' id='word_1_382' title='bbox 468 3909 499 3922; x_wconf 91' lang='lat'>·-</span> <span class='ocrx_word' id='word_1_383' title='bbox 513 3882 677 3935; x_wconf 90' lang='lat' dir='ltr'>fructuarius</span> <span class='ocrx_word' id='word_1_384' title='bbox 689 3884 753 3935; x_wconf 88' lang='lat' dir='ltr'>licet</span> <span class='ocrx_word' id='word_1_385' title='bbox 765 3899 815 3936; x_wconf 90' lang='lat' dir='ltr'>suo</span> <span class='ocrx_word' id='word_1_386' title='bbox 828 3887 947 3936; x_wconf 88' lang='lat' dir='ltr'>nomine.</span> <span class='ocrx_word' id='word_1_387' title='bbox 963 3911 994 3922; x_wconf 93' lang='lat'>-</span> <span class='ocrx_word' id='word_1_388' title='bbox 1014 3885 1131 3951; x_wconf 86' lang='lat' dir='ltr'>denique</span> <span class='ocrx_word' id='word_1_389' title='bbox 1143 3888 1315 3952; x_wconf 86' lang='lat' dir='ltr'>quicumque</span> 
     </span>
     <span class='ocr_line' id='line_1_42' title="bbox 231 3952 1317 4017; baseline 0.003 -14"><span class='ocrx_word' id='word_1_390' title='bbox 231 3953 309 4017; x_wconf 90' lang='lat' dir='ltr'>quasi</span> <span class='ocrx_word' id='word_1_391' title='bbox 320 3952 411 4004; x_wconf 88' lang='lat' dir='ltr'>debita</span> <span class='ocrx_word' id='word_1_392' title='bbox 425 3955 468 4004; x_wconf 89' lang='lat' dir='ltr'>uia</span> <span class='ocrx_word' id='word_1_393' title='bbox 479 3967 547 4004; x_wconf 86' lang='lat' dir='ltr'>usus</span> <span class='ocrx_word' id='word_1_394' title='bbox 559 3953 640 4004; x_wconf 89' lang='lat' dir='ltr'>fuerit</span> <span class='ocrx_word' id='word_1_395' title='bbox 652 3979 683 3990; x_wconf 90' lang='lat'>-·-</span> <span class='ocrx_word' id='word_1_396' title='bbox 697 3955 756 4004; x_wconf 89' lang='lat' dir='ltr'>siue</span> <span class='ocrx_word' id='word_1_397' title='bbox 769 3990 775 4003; x_wconf 90' lang='lat'>.</span> <span class='ocrx_word' id='word_1_398' title='bbox 789 3991 796 4004; x_wconf 88' lang='lat'>.</span> <span class='ocrx_word' id='word_1_399' title='bbox 809 3990 815 4002; x_wconf 91' lang='lat'>.</span> <span class='ocrx_word' id='word_1_400' title='bbox 830 3967 864 4004; x_wconf 80' lang='lat' dir='ltr'>ex</span> <span class='ocrx_word' id='word_1_401' title='bbox 876 3953 960 4005; x_wconf 91' lang='lat' dir='ltr'>fundo</span> <span class='ocrx_word' id='word_1_402' title='bbox 972 3981 1008 3990; x_wconf 92' lang='lat'><em>-</em></span> <span class='ocrx_word' id='word_1_403' title='bbox 1020 3991 1027 4004; x_wconf 93' lang='lat'>.</span> <span class='ocrx_word' id='word_1_404' title='bbox 1040 3992 1046 4004; x_wconf 93' lang='lat'>.</span> <span class='ocrx_word' id='word_1_405' title='bbox 1061 3992 1066 4003; x_wconf 93' lang='lat'>.</span> <span class='ocrx_word' id='word_1_406' title='bbox 1081 3954 1240 4005; x_wconf 85' lang='lat' dir='ltr'>retinebitur</span> <span class='ocrx_word' id='word_1_407' title='bbox 1253 3969 1317 4006; x_wconf 89' lang='lat' dir='ltr'>ser-</span> 
     </span>
     <span class='ocr_line' id='line_1_43' title="bbox 230 4021 1315 4087; baseline 0.004 -17"><span class='ocrx_word' id='word_1_408' title='bbox 230 4022 304 4072; x_wconf 91' lang='lat' dir='ltr'>uitus</span> <span class='ocrx_word' id='word_1_409' title='bbox 344 4022 355 4086; x_wconf 94' lang='grc' dir='ltr'>ιι</span> <span class='ocrx_word' id='word_1_410' title='bbox 396 4026 429 4071; x_wconf 81' lang='lat' dir='ltr'>et</span> <span class='ocrx_word' id='word_1_411' title='bbox 447 4021 540 4072; x_wconf 89' lang='lat' dir='ltr'>induci</span> <span class='ocrx_word' id='word_1_412' title='bbox 556 4022 691 4086; x_wconf 84' lang='lat' dir='ltr'>(interdici</span> <span class='ocrx_word' id='word_1_413' title='bbox 704 4022 775 4086; x_wconf 83' lang='lat' dir='ltr'>dett.)</span> <span class='ocrx_word' id='word_1_414' title='bbox 790 4024 867 4087; x_wconf 90' lang='lat' dir='ltr'>prius</span> <span class='ocrx_word' id='word_1_415' title='bbox 879 4022 969 4086; x_wconf 75' lang='lat' dir='ltr'>debet]</span> <span class='ocrx_word' id='word_1_416' title='bbox 982 4025 1152 4085; x_wconf 77' lang='lat' dir='ltr'>requiruntur</span> <span class='ocrx_word' id='word_1_417' title='bbox 1163 4024 1218 4086; x_wconf 73' lang='lat' dir='ltr'>fere</span> <span class='ocrx_word' id='word_1_418' title='bbox 1229 4027 1315 4075; x_wconf 82' lang='lat' dir='ltr'>tolio:</span> 
     </span>
     <span class='ocr_line' id='line_1_44' title="bbox 230 4090 1315 4156; baseline 0.004 -17"><span class='ocrx_word' id='word_1_419' title='bbox 230 4091 331 4154; x_wconf 90' lang='lat' dir='ltr'>inquiri</span> <span class='ocrx_word' id='word_1_420' title='bbox 348 4093 425 4155; x_wconf 89' lang='lat' dir='ltr'>prius</span> <span class='ocrx_word' id='word_1_421' title='bbox 442 4091 524 4142; x_wconf 89' lang='lat' dir='ltr'>debet</span> <span class='ocrx_word' id='word_1_422' title='bbox 540 4090 640 4156; x_wconf 90' lang='lat' dir='ltr'>quibus</span> <span class='ocrx_word' id='word_1_423' title='bbox 656 4091 766 4141; x_wconf 88' lang='lat' dir='ltr'>uicibus</span> <span class='ocrx_word' id='word_1_424' title='bbox 784 4092 883 4155; x_wconf 82' lang='lat' dir='ltr'>singuli</span> <span class='ocrx_word' id='word_1_425' title='bbox 901 4095 963 4143; x_wconf 88' lang='lat' dir='ltr'>ante</span> <span class='ocrx_word' id='word_1_426' title='bbox 982 4094 1196 4144; x_wconf 87' lang='lat' dir='ltr'>controuersiam</span> <span class='ocrx_word' id='word_1_427' title='bbox 1208 4097 1315 4145; x_wconf 88' lang='lat' dir='ltr'>motam</span> 
     </span>
     <span class='ocr_line' id='line_1_45' title="bbox 229 4158 803 4222; baseline 0.005 -14"><span class='ocrx_word' id='word_1_428' title='bbox 229 4171 329 4222; x_wconf 87' lang='lat' dir='ltr'>aquam</span> <span class='ocrx_word' id='word_1_429' title='bbox 341 4158 468 4210; x_wconf 83' lang='lat' dir='ltr'>duxerint</span> <span class='ocrx_word' id='word_1_430' title='bbox 794 4159 803 4164; x_wconf 79' lang='grc'><strong>“</strong></span> 
     </span>
    </p>
   </div>
   <div class='ocr_carea' id='block_1_6' title="bbox 0 0 1468 4888">
    <p class='ocr_par' dir='ltr' id='par_1_6' title="bbox 0 0 1468 4888">
     <span class='ocr_line' id='line_1_46' title="bbox 0 0 1468 4888; baseline 0 5"><span class='ocrx_word' id='word_1_431' title='bbox 0 0 1468 4888; x_wconf 95' lang='lat' dir='ltr'> </span> 
     </span>
    </p>
   </div>
  </div>
 </body>
</html>
