2926 4888
241 282 465 342 cauturus
523 338 525 343 ,
621 315 707 326 -.
754 280 813 342 136
857 313 944 326 ...-
1017 346 1021 356 p

353 469 458 551 [xxxin
501 489 538 530 nn
562 488 751 532 carrionravs
775 489 808 531 nr
832 488 934 532 ronrrr
956 469 1206 549 urratmmorrru]

205 593 217 652 4
328 591 371 652 Ne
383 589 519 652 liberum
528 591 600 670 quis
608 597 641 650 et
651 588 926 653 solutumhaberet
935 589 1100 652 arbitrium
1108 587 1325 650 retractandae

242 685 273 738 et
289 676 485 740 reuocandas
498 676 690 753 sententiae,
710 686 741 737 et
753 695 871 756 poenae
883 685 915 737 et
926 686 1066 756 tempora
1077 673 1325 755 appellatoribus
1414 719 1417 724 .

241 763 427 842 praestituta
450 770 535 824 sunt.
582 761 744 842 quodnisi
760 763 841 824 iuste
857 761 1104 842 appellauerint‚
1128 771 1271 840 tempora
1285 760 1324 822 ad
1433 829 1434 832 Ἴ

241 847 420 912 cauendum
436 850 468 911 in
485 866 585 928 poena
600 849 819 928 appellationis
835 849 977 928 quinque
1000 847 1124 910 dierum
1140 849 1325 924 praestituta
1341 857 1354 904 s

240 943 325 998 sunt.
351 935 446 1016 igitur
460 952 583 996 morans
599 935 631 994 in
649 953 684 996 eo
699 935 785 1012 loco,
805 933 861 996 ubi
875 934 1066 1015 appellauit,
1084 951 1196 996 cauere
1213 931 1320 1010 debet,

239 1029 275 1084 ut
287 1040 327 1082 ex
337 1019 390 1082 die
402 1029 600 1100 acceptarum
615 1020 789 1082 litterarum
804 1021 945 1082 continui
956 1020 1097 1100 quinque
1112 1017 1182 1080 dies
1193 1037 1323 1098 compu-

239 1115 362 1170 tentur:
383 1107 410 1167 si
430 1125 505 1168 uero
522 1106 657 1186 longius,
674 1106 763 1168 salua
774 1105 1027 1170 dinumeratione
1040 1107 1167 1168 interim
1181 1107 1325 1185 quinque

203 1197 222 1258 2
241 1192 310 1256 dies
326 1211 398 1254 cum
414 1212 450 1254 eo
466 1193 533 1273 ipso
549 1211 611 1271 quo
626 1192 745 1254 litteras
761 1194 920 1273 acceperit
934 1201 1166 1273 computantur.
1191 1192 1235 1252 Ne
1252 1192 1326 1270 quis

241 1279 275 1340 in
295 1279 470 1359 captionem
492 1278 663 1340 uerborum
684 1279 718 1338 in
735 1278 874 1341 cauendo
891 1277 1024 1355 incidat,
1050 1276 1324 1358 expeditissimum
1343 1293 1369 1337 44

241 1374 289 1428 est
311 1383 445 1446 poenam
466 1365 567 1444 ipsam
588 1365 640 1426 uel
661 1363 740 1444 quid
755 1364 843 1428 aliud
858 1384 914 1445 pro
938 1384 976 1426 ea
991 1363 1167 1445 deponere:
1194 1381 1324 1425 necesse

241 1452 327 1514 enim
350 1468 412 1513 non
435 1449 530 1512 habet
555 1468 738 1531 sponsorem
760 1451 832 1531 quis
853 1451 908 1520 uel
929 1450 1146 1513 fideiussorem
1173 1447 1249 1512 dare
1272 1457 1325 1510 aut

240 1555 391 1617 praesens
413 1555 499 1598 esse:
525 1537 605 1602 etsi
627 1547 734 1600 contra
749 1555 821 1598 eum
837 1531 931 1600 luerit
947 1537 1198 1618 pronuntiatum,
1219 1534 1324 1615 perdit

202 1622 327 1704 aquen
355 1622 513 1703 deposuit.
566 1623 718 1695 Quotiens
745 1624 778 1684 in
804 1641 906 1704 poena
932 1622 1153 1703 appellationis
1179 1630 1321 1698 cauetur,

241 1717 305 1770 tarn
328 1727 412 1770 unus
432 1727 527 1789 quam
549 1709 657 1789 plures
673 1708 885 1788 fideiussores,
904 1712 931 1771 si
945 1707 1054 1770 idonei
1069 1709 1148 1786 sint,
1169 1707 1236 1769 dari
1251 1725 1326 1787 pos-
1342 1722 1369 1767 ts

242 1804 331 1856 sunt:
351 1793 467 1856 sufficit
478 1796 564 1857 enim
576 1796 670 1856 etiarn
685 1813 854 1875 perunum
870 1793 1020 1858 idoneum
1036 1793 1240 1855 indemnitati
1248 1812 1323 1873 poe-

202 1883 302 1944 luae
324 1881 455 1942 consuli.
503 1881 535 1942 Si
557 1881 665 1961 plures
687 1881 865 1962 appellant,
890 1899 955 1943 una
970 1881 1072 1956 cautio
1089 1878 1223 1957 sufficit,
1251 1887 1284 1940 et
1297 1880 1323 1939 si

204 1970 223 2028 5
242 1985 326 2029 unus
342 1976 462 2044 caueat,
480 1966 628 2030 omnihus
643 1967 754 2028 uincit.
780 1968 859 2029 Cum
875 1987 893 2029 a
907 1966 1054 2048 pluribus
1070 1966 1236 2028 sententiis
1250 1983 1324 2045 pro-

241 2060 381 2130 uocatur,
401 2052 543 2132 singulae
556 2053 717 2114 cautiones
732 2052 906 2133 exigendae
922 2062 996 2115 sunt
1008 2061 1039 2113 et
1050 2052 1090 2114 de
1103 2052 1238 2132 singulis
1249 2069 1325 2132 poe-

202 2143 223 2200 a
243 2140 293 2199 nis
308 2137 530 2218 spondendum
546 2147 608 2200 cst
650 2139 758 2201 Modus
773 2159 905 2219 poenae,
926 2140 957 2201 in
974 2157 1037 2219 qua
1052 2139 1124 2218 quis
1140 2156 1253 2201 enuere
1269 2135 1325 2198 de·
1342 2149 1368 2194 to

243 2223 314 2302 bet,
340 2224 521 2304 specialiter
536 2226 569 2285 in
586 2227 729 2286 cautione
744 2224 972 2306 exprimendus
988 2232 1054 2302 est,
1079 2233 1114 2285 ut
1130 2225 1185 2302 sit,
1213 2225 1246 2284 in
1263 2241 1322 2302 qua

107 2375 112 2385 s
242 2310 403 2390 stipulatio
419 2311 644 2372 committatur:
664 2311 757 2371 aliter
768 2312 854 2372 enim
869 2320 953 2372 recte
966 2312 1087 2372 cauisse
1103 2329 1165 2370 non
1183 2308 1320 2371 uidetur.

201 2398 224 2460 7
242 2394 394 2458 Adsertor
400 2396 426 2456 si
439 2405 596 2476 prouocet,
613 2397 645 2457 in
658 2397 727 2458 eius
739 2397 823 2458 modi
836 2397 959 2458 tertiam
968 2414 1080 2458 cauere
1093 2394 1199 2473 debet,
1214 2394 1323 2475 quanti

203 2487 223 2544 8
243 2500 334 2543 causa
356 2482 520 2543 aestimata
541 2490 599 2543 est.
645 2481 698 2543 *ln
721 2482 867 2545 omnihus
887 2484 1080 2564 pecuniariis
1102 2483 1204 2543 causis
1228 2481 1324 2561 magis

242 2566 320 2647 *esc
340 2568 423 2630 utin
440 2569 565 2629 tertiam
582 2577 705 2649 partem
721 2570 790 2631 eius
807 2571 960 2650 pecuniae
976 2565 1156 2631 caueatur*
1340 2576 1367 2623 44

516 2756 612 2840 [xxxiv
656 2777 692 2819 nn
715 2776 844 2820 nrrrams
867 2757 1052 2836 nrurssonus]

206 2882 217 2940 l
327 2876 444 2957 Abeo,
470 2899 488 2940 a
504 2897 566 2959 quo
588 2879 782 2960 appellatum
799 2888 863 2955 est,
883 2878 1031 2955 adeum,
1056 2878 1112 2956 qui
1128 2875 1168 2940 de
1185 2876 1326 2957 appella·

241 2965 327 3026 tione
353 2965 535 3046 cogniturus
558 2975 620 3042 est,
649 2965 773 3026 litterae
796 2963 993 3026 dimissoriae
1016 2962 1215 3044 diriguntur,
1245 2980 1324 3042 quae

241 3050 337 3130 uulgo
353 3052 484 3130 apostoli
500 3051 718 3131 appellantur:
743 3069 878 3131 quorum
892 3050 1060 3131 postulatio
1076 3059 1107 3111 et
1122 3050 1261 3129 acceptio
1277 3050 1327 3108 in-

205 3139 224 3201 2
242 3145 290 3198 tra
305 3137 451 3216 quintum
468 3137 553 3199 diem
569 3155 610 3198 ex
625 3136 726 3198 officio
742 3136 887 3199 iacienda
903 3133 960 3198 est.
1008 3136 1070 3208 Qui
1085 3135 1168 3197 intra
1183 3143 1324 3215 tempora
1341 3143 1367 3188 ao

242 3223 431 3302 praestituta
446 3222 641 3284 dimissorias
656 3241 719 3284 non
735 3222 940 3302 postulauerit
952 3221 1005 3284 uel
1016 3221 1174 3303 acceperit
1185 3221 1238 3298 uel
1254 3218 1327 3280 red-

243 3307 370 3386 diderit,
390 3309 635 3389 praescriptione
652 3306 693 3369 ah
708 3307 830 3388 agendo
851 3307 1060 3372 submonetur
1075 3316 1106 3369 et
1120 3325 1255 3388 poenam
1270 3325 1326 3386 ap-

241 3394 421 3476 pellationis
436 3393 552 3456 inferre
569 3402 706 3474 cogetur.

250 3565 787 3582 MWAWNVNAMAQAMAMM
793 3569 803 3580 Α
809 3563 1254 3580 ΛΛΛΛᾹΛΜΛΛΜΝΧΛΜΛΑΛΛΛΆΝᾺΛΙ*
1259 3561 1327 3576 &AM-l

266 3667 268 3674 ’
312 3655 354 3714 tt,
367 3653 511 3703 Srestitoto
520 3655 557 3702 est
569 3665 604 3702 eac
613 3651 659 3702 Ali
668 3657 692 3702 et
700 3665 734 3702 coc
743 3652 828 3704 codice
840 3652 974 3703 Vesontioo
983 3650 1102 3714 4044444444
1114 3651 1220 3702 Obseru.
1229 3653 1257 3698 it
1267 3687 1273 3708 ,
1285 3650 1322 3710 tt)

248 3789 402 3805 WMNVVSIW

313 3895 474 3960 ipoenali
501 3893 512 3958 ΙΙ
543 3896 686 3944 6444044443
702 3891 832 3951 Coiccios,
848 3893 974 3960 ignorans
988 3894 1009 3941 si
1023 3893 1122 3942 codices
1151 3890 1162 3954 41
1193 3891 1328 3940 Sinterim

242 3965 280 4023 li,
295 3965 393 4027 integri
406 3965 479 4022 dett,
493 3963 583 4012 itineri
599 3962 719 4014 Cometes
749 3961 760 4024 ΙΙ
791 3964 821 4010 43
841 3961 863 4010 si
876 3962 966 4012 antid
995 3960 1006 4024 ΙΙ
1038 3963 1067 4008 to
1086 3963 1220 4024 parcan„
1237 3959 1307 4008 iuli
1320 3953 1330 4021 l

244 4032 416 4082 indemnitati
432 4031 562 4090 Gotones,
583 4031 767 4081 indemnitatis
785 4031 882 4080 codices
922 4030 933 4094 41
975 4029 1160 4079 t8uinceti1
1198 4027 1209 4090 ΙΙ
1251 4032 1279 4077 it
1303 4028 1328 4076 in

242 4103 319 4159 dett,
335 4113 384 4150 om,
401 4101 430 4148 Μ
457 4100 468 4163 ss
498 4103 528 4148 it
549 4100 674 4150 omnisii
702 4099 713 4163 ΙΙ
744 4103 774 4149 it
794 4099 911 4163 pecunia
925 4101 1038 4150 cauetur
1050 4098 1073 4148 Α
1321 4127 1323 4132 ·
