2926 4888
263 338 337 389 Paul.
354 339 413 398 V,i
641 373 727 388 ...-
772 339 832 404 112
876 375 961 386 ..-

263 535 317 588 aut
331 545 481 607 persona:
506 527 590 606 loco,
617 529 764 608 quotiens
779 529 813 590 in
834 528 960 618 publico
981 529 1164 608 inrogatur:
1187 538 1345 609 tempore,

262 616 408 692 quotiens
431 613 587 685 interdiu:
611 633 761 695 persona,
779 616 926 694 quotiens
939 616 1078 676 senatori
1092 615 1147 678 uel
1167 615 1269 694 equiti
1283 616 1349 676 Ro-

263 718 352 760 mano
374 698 577 761 decurionioe
597 700 649 762 uel
670 702 747 762 alias
768 709 926 780 spectatae
948 701 1142 763 auctoritatis
1157 701 1243 762 uiro:
1269 709 1300 762 et
1316 703 1347 762 si

260 783 406 864 plebeius
428 787 482 848 uel
504 786 616 849 humili
638 787 703 848 loco
724 796 817 848 natus
838 788 973 848 sanatori
994 787 1049 848 nel
1069 787 1170 866 equiti
1190 788 1343 867 Romano,

261 869 423 933 decurioni
446 872 499 934 uel
520 872 717 952 magistratui
739 873 792 935 uel
808 871 904 934 aedili
926 873 979 935 uel
994 872 1109 951 iudici,
1134 871 1271 952 quilibet
1286 873 1380 934 lio-5

204 957 236 1016 ii
262 976 342 1035 rom,
361 959 414 1020 uel
429 960 456 1018 si
472 959 522 1019 bis
537 957 685 1020 omnibus
700 957 858 1039 plebeius.
905 958 965 1030 Qui
980 977 1038 1039 per
1052 959 1240 1020 calumniam
1255 959 1347 1020 iniu-

261 1044 326 1105 riae
342 1046 496 1106 actionem
512 1045 665 1124 instituit,
690 1053 778 1106 extra
793 1043 937 1106 ordinem
960 1045 1107 1125 punitur:
1132 1063 1243 1106 omnes
1257 1045 1345 1106 enim

260 1129 500 1192 calumniatores
522 1130 609 1191 exilii
624 1131 676 1192 uel
692 1130 813 1192 insulae
827 1131 1019 1210 relegatione
1041 1139 1094 1202 aut
1110 1129 1231 1192 ordinis
1246 1133 1346 1192 amis-

203 1216 241 1277 ii
260 1217 347 1276 sione
362 1217 471 1295 puniri
495 1216 624 1296 placuit.
671 1217 861 1278 Iniuriarum
883 1235 945 1277 non
961 1217 1024 1278 nisi
1045 1226 1231 1296 praesentes
1247 1235 1345 1278 accu-

260 1320 330 1362 sare
343 1311 489 1381 possunt:
509 1303 628 1364 crimen
645 1303 741 1380 enim,
760 1301 845 1383 quod
856 1302 1015 1364 uindictae
1031 1311 1086 1364 aut
1097 1303 1275 1364 calumniae
1291 1304 1344 1365 iu-
1363 1318 1396 1362 ta

203 1386 238 1445 l3
259 1386 377 1448 dicium
401 1396 563 1468 expectat,
594 1407 653 1468 per
673 1389 749 1449 alios
765 1387 888 1449 intendi
909 1407 972 1450 non
995 1396 1109 1468 potest.
1155 1390 1204 1448 Fit
1226 1388 1345 1450 iniuria

259 1483 367 1534 contra
379 1473 477 1535 bonos
492 1493 605 1552 mores,
623 1474 723 1536 ueluti
735 1475 763 1535 si
778 1475 850 1554 quis
866 1475 938 1535 fimo
954 1484 1098 1555 corrupto
1113 1475 1252 1553 aliquem
1268 1493 1346 1554 per-

259 1558 387 1638 fuderit,
406 1578 519 1638 caeno,
538 1560 604 1621 luto
618 1560 793 1638 oblinierit,
812 1579 911 1640 aquas
925 1561 1138 1640 spurcauerit,
1158 1561 1280 1622 fistulas
1295 1561 1344 1621 la-

259 1664 314 1706 cus
337 1645 458 1725 quidne
480 1645 566 1708 alind
586 1647 619 1707 in
641 1647 791 1707 iniuriam
817 1645 978 1726 publicam
1000 1647 1280 1722 contaminanerit:
1307 1647 1341 1708 in

203 1733 238 1791 ll
258 1749 337 1810 quos
352 1733 492 1812 grauiter
507 1731 716 1794 animaduerti
731 1733 819 1793 solet.
868 1733 928 1804 Qui
943 1751 1044 1812 puero
1059 1741 1257 1812 praetextato
1272 1742 1343 1794 stu·
1361 1748 1396 1792 ra

258 1837 352 1897 prum
373 1817 501 1880 aliudue
522 1818 674 1898 flagitium
701 1816 836 1880 abducto
857 1817 898 1880 ab
924 1837 960 1878 eo
981 1819 1035 1879 nel
1060 1828 1206 1898 corrupto
1227 1820 1341 1880 comite

257 1905 462 1982 persuaserit,
481 1905 647 1966 mulierem
661 1905 842 1984 puellamue
858 1903 1120 1984 interpellauerit,
1143 1903 1264 1984 quidue
1278 1925 1342 1985 pu-

259 1987 385 2051 dicitiae
401 1990 650 2070 corrumpendae
673 1991 772 2070 gratia
787 1989 916 2069 iecerit,
935 1989 1053 2052 donum
1067 1989 1252 2070 praebuerit
1265 2010 1342 2070 pre-

258 2076 395 2152 tiumue,
422 2094 483 2155 qno
505 2075 538 2137 id
552 2076 761 2157 persuadeat,
780 2075 919 2154 dederit,
944 2074 1085 2156 perlecto
1108 2075 1224 2156 flagitio
1240 2078 1342 2156 capite

258 2161 406 2239 punitur,
432 2160 617 2241 imperfecto
632 2163 665 2224 in
681 2163 818 2224 insulam
833 2161 1031 2242 deportatur:
1056 2163 1196 2242 corrupti
1211 2165 1342 2224 comites
1361 2178 1394 2222 so

200 2249 237 2307 lb
257 2265 379 2307 summo
395 2249 547 2327 supplicio
569 2247 770 2310 adliciuntur.
816 2248 895 2320 *Qui
911 2267 1037 2308 carmen
1058 2246 1211 2310 famosum
1235 2250 1268 2309 in
1289 2250 1341 2310 in-

257 2331 389 2393 *iuriam
402 2333 534 2394 alicuius
545 2335 599 2396 uel
613 2335 673 2395 alia
687 2333 848 2414 quaelibet
863 2335 994 2413 cantica,
1013 2353 1075 2414 quo
1087 2336 1214 2414 agnosci
1226 2336 1336 2416 possit,

256 2417 500 2498 *composuerit,
531 2439 571 2481 ex
591 2422 774 2482 auctoritate
796 2420 981 2500 amplissimi
1003 2419 1123 2481 ordinis
1145 2421 1177 2482 in
1200 2421 1339 2483 insulam

256 2501 475 2583 *deporteturz
504 2507 636 2568 interest
664 2508 748 2568 enim
769 2505 915 2586 publicae
943 2505 1129 2586 disciplinae
1156 2507 1339 2586 opinionem

200 2594 236 2651 ro
255 2590 525 2671 *uniuscuiusque
541 2611 558 2653 a
573 2593 660 2671 turpi
676 2593 823 2654 carminis
838 2590 967 2653 infamia
982 2589 1178 2654 uindicare*
1222 2595 1341 2655 Psalte-
1361 2607 1395 2653 25

260 2743 904 2760 :ummvwwvwwwvmmwvmvwwwvwvv

326 2832 798 2898 t,ra.at=btp.-tr‚rt,t,r.a
846 2831 857 2894 ll
905 2832 1338 2891 t‚raeeoattaarorts.ttoa

256 2903 341 2951 Porio.
357 2901 383 2952 S.
401 2902 525 2952 Germani
537 2904 586 2950 366
610 2902 732 2951 Vaticano
743 2914 799 2964 rep.
815 2903 879 2949 tote
900 2901 1025 2951 Rerceosi
1037 2905 1100 2950 263:
1115 2903 1142 2950 io
1157 2901 1245 2951 Germ.
1258 2916 1340 2965 proe-

255 2973 366 3020 mittitur
377 2971 491 3036 Interpr.
1142 2974 1145 2981 '

257 3106 306 3118 JW*
312 3103 909 3126 lleWVVVWW¹WWVVJWVXNVVVVVWWWVV
915 3103 1311 3118 *IWWWWVVVUV‘VVWWXJUV
1318 3107 1335 3117 ι’-

281 3211 283 3216 .
327 3197 335 3241 t
352 3192 493 3257 publicum
506 3194 604 3243 codices
627 3193 638 3254 ΙΙ
664 3195 678 3240 3
692 3204 727 3242 ue
740 3204 788 3242 orn.
803 3192 901 3240 codices
924 3183 944 3252 tl'
958 3191 1018 3240 uiro
1032 3191 1094 3242 etsi
1108 3229 1114 3242 .
1130 3226 1136 3240 .
1152 3226 1159 3240 .
1176 3190 1336 3255 aplebeiusi

256 3267 380 3323 corrupto
392 3263 454 3311 boec
464 3261 575 3323 sortasse
587 3264 624 3310 cio
634 3261 793 3310 restituendo
805 3264 866 3309 suot
882 3263 944 3309 uiro
961 3259 1085 3324 plebeius
1102 3261 1146 3309 uel
1159 3259 1257 3309 humili
1277 3262 1336 3311 loeo

257 3334 336 3380 natus
348 3331 477 3380 iniuriam
489 3329 554 3379 iacit
565 3330 609 3379 uel
622 3329 789 3392 magistratui
802 3327 848 3378 uel
859 3327 940 3378 aedili
952 3329 996 3378 uel
1009 3328 1095 3378 iudici
1107 3329 1222 3393 quilibet
1237 3329 1340 3389 (sinuli-

257 3405 296 3448 ter
307 3399 434 3456 Huschke,
448 3398 479 3460 ct.
497 3398 555 3448 Gai.
570 3401 594 3456 3,
608 3401 664 3459 225)
697 3395 708 3460 ΙΙ
739 3401 768 3446 to
788 3396 862 3460 qnod
873 3396 950 3446 uind.
965 3399 1012 3446 aut
1023 3398 1095 3456 dett,
1109 3397 1183 3462 quod
1195 3398 1273 3448 uind.
1287 3412 1338 3462 per

258 3470 293 3527 M,
314 3470 361 3517 aut
371 3467 447 3517 uind.
463 3467 538 3516 autb
579 3465 590 3530 ΙΙ
631 3470 662 3515 ta
681 3480 765 3530 aquas
776 3466 936 3530 purgauerit
946 3467 1051 3523 codices,
1067 3480 1152 3530 aquas
1164 3469 1339 3530 spurgauerit

257 3538 316 3600 Dip.
348 3535 359 3600 it
387 3534 815 3599 fistulasDig.‚fistulamcodtcoo
844 3533 854 3597 ΙΙ
886 3537 916 3583 tt
934 3536 963 3584 in
975 3534 1024 3586 ini.
1038 3536 1074 3596 lt,
1089 3535 1123 3585 ad
1137 3537 1184 3585 ini.
1198 3535 1273 3599 Dip„
1287 3537 1334 3586 ini.

201 3615 204 3624 “
259 3609 275 3656 L
300 3606 311 3670 ΙΙ
336 3604 675 3669 t5preetextatcom.llip.
701 3603 713 3666 ΙΙ
737 3603 890 3654 ltaliudue
899 3603 1030 3666 flagitium
1043 3617 1092 3654 orn.
1106 3605 1166 3668 Dig.
1191 3603 1203 3666 ΙΙ
1229 3609 1258 3653 tr
1274 3619 1337 3655 mu-

256 3674 359 3738 lierem]
375 3677 421 3724 aut
433 3687 469 3723 m.
485 3675 544 3738 Dip.
585 3673 596 3736 ΙΙ
633 3673 782 3737 pudicitiae
796 3671 1021 3736 corrumpendae]
1036 3672 1223 3738 impudicitiae
1235 3674 1296 3738 Dip.

259 3750 291 3794 te.
309 3745 346 3806 id]
361 3747 385 3794 is
398 3744 457 3806 Dip.
496 3743 506 3806 ΙΙ
541 3743 654 3806 punitur
666 3744 753 3807 capite
769 3741 826 3804 Βία.
865 3740 876 3803 ΙΙ
912 3745 939 3789 tt
962 3754 1073 3791 carnem
1087 3743 1164 3792 Bere.
1202 3741 1212 3804 11
1247 3740 1339 3793 famo-

255 3829 312 3865 sam
326 3815 420 3864 Βενπ.α
443 3811 453 3874 ΙΙ
476 3813 504 3861 in
517 3813 680 3862 iniuriarum
693 3813 721 3872 A,
737 3811 899 3860 iniuriarum
912 3811 990 3862 Baro.
1016 3809 1027 3872 ΙΙ
1050 3813 1083 3860 22
1096 3809 1218 3875 qualibet
1229 3812 1309 3862 Baro.
1328 3810 1339 3879 ΙΙ

256 3882 624 3942 condemnatumque
658 3879 669 3943 Η
704 3878 842 3929 infamiam
855 3880 933 3928 Bere.
970 3878 981 3941 ΙΙ
1013 3883 1073 3941 poat
1084 3879 1226 3930 uindicare
1238 3883 1339 3932 codices

256 3955 354 4002 addunt
366 3965 476 4000 carmen
489 3949 554 4000 iacit
566 3963 620 3998 non
633 3952 739 3999 tantum
752 3949 799 4012 qui
812 3949 908 3997 satiras
921 3950 948 3997 et
959 3949 1151 4012 epigrammata
1166 3948 1274 4012 [sytiras
1286 3951 1338 4000 scd

256 4033 444 4085 epygrammas
457 4019 558 4080 Bere),
578 4017 626 4069 sed
643 4019 811 4081 illegitimam
834 4015 890 4079 (sed
907 4017 951 4066 uel
969 4016 1041 4080 legit.
1056 4018 1163 4084 codices}
1182 4019 1338 4069 insectandi

255 4091 372 4140 alicuius
385 4101 494 4138 causam
511 4089 602 4150 (causa
616 4088 704 4146 Baro.)
726 4085 828 4149 quidue
845 4085 919 4135 aliud
939 4085 993 4136 alio
1010 4098 1107 4148 genere
1120 4088 1268 4151 componit.
1301 4089 1338 4138 de

150 4175 153 4183 ¹
256 4160 359 4207 ratione
373 4161 398 4206 at
411 4157 444 4206 de
460 4169 638 4220 personarum
657 4156 789 4218 dignitate
804 4153 871 4203 nihil
892 4156 927 4213 (et
939 4154 1127 4217 desperatione
1140 4155 1210 4205 nilA
1227 4157 1296 4218 Vot,
1311 4161 1339 4207 et

1433 4191 1454 4856 t
