2926 4888
502 349 586 362 ....
635 315 691 376 167
737 350 823 362 —
1023 316 1062 365 De
1073 312 1203 378 gradibus

121 502 222 583 gradu
251 514 324 566 sunt
352 505 443 566 etiam
471 506 577 585 patrui
606 507 719 567 amitae
747 505 898 567 auunculi
921 513 1109 566 materterae
1133 503 1200 564 filii.

6 611 8 674 3
81 587 101 645 7
122 589 238 661 Quinto
261 589 361 669 gradu
384 599 456 651 sunt
478 610 573 670 supra
596 599 708 652 atauus
729 592 850 669 atauia,
881 589 964 652 infra
985 589 1124 670 adnepos
1146 588 1203 650 ad-

6 679 8 692 '
123 675 245 755 neptis:
272 695 312 736 ex
333 684 515 739 transuerso
532 676 638 738 fratris
662 687 693 738 et
714 677 830 739 sororis
848 695 1006 757 pronepos
1020 677 1199 756 proneptis:

121 771 316 841 propatruus
332 763 496 842 proamita,
515 762 548 824 id
564 772 611 824 est
625 765 738 842 proaui
754 763 851 825 trater
866 772 897 824 et
912 781 1017 824 soror:
1043 779 1205 842 proauun-

123 848 214 908 euius
237 856 478 926 promatertera,
504 847 537 910 id
559 859 606 910 est
627 851 773 930 proauiae
791 848 893 930 frater
916 857 943 910 et
961 867 1064 910 soror:
1093 865 1204 908 oense·
1224 859 1257 903 5·

123 931 210 993 brini
228 932 310 994 filius
325 934 403 995 filia:
430 935 506 996 item
521 935 652 1016 propius
667 934 813 998 sobrInus
828 933 971 1011 sobrina,
991 933 1024 996 id
1039 942 1086 995 est
1100 933 1204 1013 patrui

83 1019 230 1099 8magni
257 1019 369 1082 amitae
399 1039 528 1101 magnae
556 1023 705 1083 auunculi
735 1021 840 1101 magni
863 1028 1049 1082 materterae
1073 1037 1204 1099 maguae

124 1105 181 1166 filii
195 1104 289 1166 filiae.
323 1106 417 1167 Sexto
434 1105 532 1186 gradu
547 1116 621 1169 sunt
637 1127 732 1188 supra
747 1108 883 1170 tritauus
897 1107 1035 1186 tritauia,
1053 1105 1132 1166 infra
1145 1105 1205 1165 tri-

122 1210 224 1270 nepos
239 1192 405 1272 trineptis:
429 1212 469 1252 ex
490 1204 669 1255 transuerso
692 1193 799 1255 iratris
817 1195 977 1256 etsororis
992 1191 1133 1271 abnepos
1148 1189 1206 1251 ab·

123 1279 247 1356 neptis:
273 1276 448 1358 abpatruus
465 1277 617 1358 abamita,
642 1279 675 1341 id
692 1289 738 1342 est
753 1281 846 1342 abaui
863 1280 958 1340 frater
974 1288 1004 1340 et
1020 1296 1124 1338 soror:
1151 1275 1206 1337 ab·
1226 1289 1255 1334 to

124 1363 298 1425 auunculus
321 1363 543 1444 abmatertera,
567 1365 598 1427 id
620 1373 664 1428 est
686 1365 815 1442 abaaiae
833 1365 938 1447 frater
961 1373 988 1426 et
1002 1383 1103 1425 soror:
1130 1363 1206 1423 item

124 1448 306 1510 consobrini
326 1468 425 1530 nepos
441 1453 625 1532 neptisque:
654 1453 728 1514 item
751 1452 914 1533 propatrui
936 1451 1109 1531 proamitae
1131 1467 1207 1528 pro-

124 1536 275 1597 auuneuli
295 1546 541 1615 promaterterae
561 1538 615 1599 filii
637 1539 735 1600 filiae:
762 1540 835 1600 item
851 1536 972 1600 sobrini
988 1534 1157 1613 sobrinae5‘
1174 1532 1207 1594 id

124 1630 173 1683 est
189 1623 245 1701 qui
261 1639 384 1701 quaeue
400 1641 440 1683 ex
456 1621 579 1685 duobus
595 1625 790 1687 consobrinis
804 1632 1067 1706 progenerantur.

127 1810 337 1824 ’xz-Jtmzmnmnrmn
343 1811 354 1824 Α
360 1806 1207 1828 «ΑΛΛΛΛΛΛΜΛΛΛᾼΛΛΛΛΜΛΛΛΛΛΛΛΛΛΛΝᾺΛΛΛΛΛΛΛΛΙᾺΛΛΛΝᾺΛΛΛΜ

198 1935 206 1978 t
229 1932 310 1981 etiem
323 1931 448 1991 Huschke,
464 1933 536 1982 enim
549 1935 645 1984 codices
674 1934 685 1997 ΙΙ
714 1935 864 1998 tabuepos
876 1933 1002 1997 abneptis
1014 1930 1117 1980 Monac.
1132 1929 1181 1975 'lat
1200 1923 1211 1992 11

125 2004 139 2048 5
159 1999 331 2063 promaitera
349 2001 451 2050 Monac.
468 2004 545 2049 ronst
596 2001 607 2064 lt
653 2004 790 2066 proauiae]
810 2004 907 2068 proaui
926 2005 952 2052 et
970 2001 1073 2050 Monac.
1090 2000 1168 2046 itast
1186 2001 1210 2044 et

125 2071 175 2116 797
206 2067 217 2131 ΙΙ
249 2081 327 2118 soror
338 2071 364 2119 et
376 2067 567 2128 frater-codices
603 2071 613 2134 ΙΙ
650 2071 745 2135 ofilio]
761 2076 787 2122 et
798 2071 851 2121 filia
866 2073 968 2122 Monac.
984 2071 1032 2124 797
1064 2066 1075 2130 ΙΙ
1109 2071 1138 2112 te
1159 2063 1210 2114 ab·

124 2138 304 2207 auunculus.
321 2175 327 2187 .
345 2175 350 2187 .
374 2141 399 2186 tt
418 2151 495 2188 soror
507 2138 632 2200 Huschke,
651 2143 793 2205 neptisque
805 2143 903 2192 codices
943 2140 954 2203 11
997 2139 1027 2185 ii
1047 2138 1211 2199 generantur

124 2207 228 2256 alonae.
245 2209 293 2254 ‘tet
739 2229 742 2233 ·
1101 2219 1103 2230 ’
