2922 4898
657 371 742 380 ...-
788 342 821 396 vl
864 370 950 381 ...-

263 537 350 587 certa
373 526 549 587 coniectura
571 525 698 604 explere
722 524 813 586 nobis
834 544 896 585 non
912 525 1057 605 contigit,
1082 524 1215 605 singulis
1231 524 1353 585 litteris

264 631 346 693 quae
367 613 533 692 perierunt
553 611 694 672 stellulas
716 610 955 690 substituimuS,
986 611 1121 672 maiores
1141 610 1263 688 hiatus,
1293 611 1353 688 qui

264 707 339 778 quot
355 698 469 759 litteris
486 697 686 758 constiterint
701 706 786 760 certo
802 698 897 759 statui
912 715 974 757 non
990 706 1107 777 potest,
1131 697 1224 757 lineis
1243 731 1352 739 —-

265 785 489 864 expressimus.
524 793 631 844 contra
647 783 716 844 aliis
733 782 891 862 stellulis„
910 801 991 863 quae
1007 802 1102 863 supra
1119 783 1235 843 lineam
1251 800 1351 861 quarn

265 868 376 931 dicunt
392 869 536 946 collocata
552 877 636 946 sunt,
657 888 709 930 eas
725 869 811 930 Pauli
826 870 1000 930 sententias
1016 887 1097 949 quae
1114 870 1146 928 in
1158 870 1273 948 Legem
1284 868 1351 928 Ro-

264 973 387 1017 manam
409 955 655 1035 Wisigothorum
678 963 823 1034 receptae
843 973 906 1015 non
927 964 1017 1032 sunt,
1045 964 1075 1016 et
1097 974 1134 1016 ea
1154 955 1278 1034 leiani
1294 972 1352 1014 re-

266 1041 410 1120 gularum
424 1041 606 1121 fragmenta,
626 1042 756 1120 quaein
774 1042 909 1121 epitoma
920 1040 1066 1102 Vaticana
1079 1059 1141 1101 non
1159 1048 1276 1119 extant,
1296 1041 1353 1100 in-

263 1128 425 1206 clusimuS,
442 1127 532 1190 uelut
548 1129 581 1188 in
596 1128 711 1207 pagina
728 1129 766 1187 lo
783 1145 895 1189 uersus
912 1127 930 1186 b
944 1144 1013 1207 sqq.

351 1215 385 1275 ln
409 1212 609 1274 adnotatione
632 1213 737 1274 critica
759 1211 882 1274 codices
897 1211 937 1274 ad
953 1222 1074 1275 textum
1090 1210 1351 1274 constituendum

264 1298 400 1360 adhibiti
424 1299 557 1379 singulis
580 1299 694 1360 litteris
716 1299 874 1360 inclinatis
895 1309 926 1360 et
949 1309 1019 1380 post
1041 1296 1181 1360 codicum
1198 1297 1351 1359 lectiones

265 1385 419 1446 collocatis
435 1383 564 1446 indicati
581 1394 670 1445 sunt:
695 1404 777 1465 quae
793 1383 871 1465 quid
887 1385 919 1446 in
935 1403 1061 1465 quoque
1077 1385 1231 1465 scriptore
1247 1384 1351 1465 signi-

266 1472 375 1550 ficent,
401 1472 433 1531 in
456 1470 705 1552 praefationibus
727 1472 900 1550 unicuique
922 1472 1071 1551 opusculo
1092 1470 1274 1551 praemissis
1291 1488 1350 1530 ex-

264 1557 414 1636 plicatum
431 1566 489 1618 est.
529 1565 578 1618 cet
581 1576 669 1618 erum
686 1566 757 1618 nota
776 1558 813 1631 C,
839 1557 865 1617 si
888 1556 977 1656 quod.
990 1575 1069 1638 opus
1083 1576 1146 1618 uno
1162 1555 1268 1618 codice
1284 1556 1349 1617 solo

265 1643 416 1705 traditum
433 1654 495 1721 est
513 1640 554 1704 ad
570 1643 654 1704 hunc
670 1604 913 1723 significandum
928 1643 978 1704 usi
994 1661 1119 1721 sumus,
1138 1643 1253 1704 uelut'
1245 1661 1278 1702 rn
1292 1642 1349 1702 Vl-

265 1731 351 1809 piani
367 1730 486 1809 regulis
502 1738 533 1790 et
548 1729 581 1790 in
592 1727 782 1829 fragmentis
797 1728 857 1790 de'
849 1748 918 1790 rure
935 1728 1013 1790 fisci.
1042 1728 1190 1790 litterulis
1205 1734 1218 1762 ³
1232 1722 1246 1763 l
1261 1727 1350 1789 codi-

265 1835 336 1876 cum
359 1818 440 1876 notis
462 1816 642 1896 postpositis
658 1815 901 1895 distinguuntur
915 1814 1032 1877 codicis
1048 1817 1221 1895 scripturae
1236 1815 1350 1895 primi-

265 1905 331 1962 tiua
352 1901 393 1982 [u.
409 1921 439 1981 g.
456 1900 501 1982 0³)
521 1910 552 1962 et
567 1900 733 1964 emendata
755 1899 789 1980 (0
794 1896 833 1982 l).
869 1901 972 1963 silent'
950 1911 993 1963 tro
1007 1902 1279 1981 praetermisimus
1296 1918 1350 1961 eas

265 1987 407 2049 ecdicum
420 1988 580 2064 lectiones,
601 2005 682 2066 quae
697 1987 751 2048 uel
767 1989 799 2047 in
811 1988 1057 2067 orthographicis
1068 1988 1120 2048 uel
1132 1988 1165 2048 in
1176 1985 1350 2048 uerborum

265 2072 422 2134 diuisione
446 2092 464 2134 a
485 2083 590 2135 nostro
613 2081 685 2134 cont
687 2082 739 2134 ext
740 2092 762 2135 u
727 2072 953 2134 tt:reeedun
927 2082 1016 2134 tac
1031 2092 1071 2135 na
1088 2075 1121 2135 in
1137 2071 1351 2153 discrepanti-

268 2160 327 2220 bus
348 2158 562 2239 quidemt
501 2161 562 2220 lect
565 2159 689 2220 ionibus
705 2157 925 2220 exscribendis
941 2177 1009 2220 eam
1025 2158 1197 2220 uerborum
1214 2157 1349 2219 diuisio-

266 2265 339 2306 nem
358 2264 439 2325 quae
461 2244 601 2307 librariis
622 2245 740 2325 placuit
761 2253 883 2306 mutare
907 2225 1139 2323 dubitauimus
1164 2244 1266 2307 sicubi
1290 2245 1350 2305 hoc

266 2331 357 2392 modo
373 2332 497 2394 facilius
513 2331 722 2392 demonstrari
738 2349 829 2410 posse
845 2329 1027 2410 uidebatur,
1046 2331 1164 2440 quibus
1175 2330 1284 2392 uerbis
1296 2331 1350 2392 uel

265 2417 380 2480 litteris
395 2416 610 2498 discrepantia
626 2416 786 2478 efiiceret'
752 2425 815 2477 tur

352 2505 516 2566 Praeterea
530 2504 646 2583 passim
663 2503 713 2563 his
729 2502 904 2582 scripturae
921 2501 1116 2581 compendiis
1131 2503 1181 2564 usi
1197 2521 1322 2565 sumus:

373 2659 432 2709 Cod.
447 2678 479 2700 =
493 2657 584 2707 Codex
596 2658 761 2706 lastinianus

371 2726 433 2777 Coit.
449 2747 480 2769 =
495 2726 607 2777 Collatio
626 2726 715 2790 legum
733 2727 917 2776 Mosaicarum
935 2728 961 2776 et
978 2727 1170 2776 Romanarum.
1212 2725 1291 2776 CottiJ
1309 2729 1352 2776 est

496 2795 619 2845 eiusdem
635 2795 722 2845 codex
733 2795 926 2856 Berolinensis‚
947 2795 1013 2844 olim
1026 2797 1138 2856 Pithoei,
1163 2795 1249 2847 Coit.W
1263 2795 1350 2844 codex

497 2863 725 2925 vindobonensis,
743 2863 822 2915 Coit.v
835 2864 921 2914 codex
934 2865 1114 2915 vercellensis

372 2932 445 2982 Coos.
461 2953 492 2976 ε
507 2933 673 2984 Consultatio
686 2934 786 2983 ueteris
798 2933 974 2984 iureconsulti
1199 2929 1200 2932 ’

369 3001 429 3065 Dia.
445 3023 476 3045 =
489 3003 597 3066 Digesta
609 3003 750 3054 Iustiniani

370 3070 432 3118 F=
445 3072 615 3134 Digestorum
629 3071 715 3122 codex
727 3071 896 3121 florentinus

371 3139 429 3188 Gai.
444 3159 476 3182 =
491 3142 538 3190 Gai
552 3141 736 3190 institutiones

370 3209 444 3256 Paul.
459 3228 491 3250 =
505 3209 580 3259 Pauli
592 3210 741 3259 sententiae

373 3277 427 3325 Vot.
442 3297 474 3320 =
488 3279 621 3327 Vaticana¹
629 3277 777 3340 fragmenta

372 3345 425 3405 le.
441 3365 472 3388 π
487 3347 595 3410 leiani
607 3345 676 3396 liber
689 3345 834 3409 singularis
846 3345 1000 3409 regularum

350 3483 385 3542 ln
407 3482 465 3542 hoc
486 3493 568 3543 tomo
584 3481 778 3563 perficiendo
795 3481 1070 3561 diligentissimam
1086 3501 1193 3562 opem,
1219 3493 1254 3545 ut
1270 3484 1351 3546 solet

264 3567 384 3648 amieis,
404 3568 480 3627 mihi
497 3568 568 3629 tulit
585 3567 759 3630 Guilelmus
774 3567 987 3630 Studemund.
1069 3620 1071 3624 .

348 3704 527 3784 Regimonti
543 3703 595 3767 die
611 3725 632 3766 x
647 3725 689 3766 m.
708 3705 777 3766 lulii
797 3705 878 3766 4878

986 3856 1117 3924 Paulus
1139 3856 1322 3942 lirueger
