2926 4888
264 344 339 394 Paul.
353 342 385 403 V,
399 346 454 392 Η
645 375 727 388 —-
775 342 835 404 110
879 375 964 388 --·

263 530 394 592 absente
417 539 523 592 autem
538 529 665 593 domino
680 540 857 610 comparata
873 547 935 592 non
951 531 1045 592 aliter
1060 532 1108 609 ei,
1128 549 1225 612 quam
1240 533 1266 592 si
1281 540 1354 592 rata

225 615 243 674 3
264 620 315 694 sit,
333 618 509 697 quaeritur.
536 617 631 696 Longi
647 628 752 679 autem
767 619 918 697 temporis
930 617 1137 698 praescriptio
1153 618 1239 678 inter
1253 635 1355 698 prae-

264 712 369 764 sentes
384 703 526 764 continui
540 701 687 764 decennii
703 705 820 782 spatio,
839 704 923 765 inter
938 701 1087 765 absentes
1102 703 1245 765 uicennii
1259 723 1351 764 oom-

227 787 243 846 4
263 788 484 869 prehenditur.
530 789 648 868 Viginti
669 805 821 850 annorum
844 790 1050 869 praescriptio
1072 790 1168 851 etiam
1189 788 1351 851 aduersus

266 893 331 936 rem
347 873 507 955 publicam
522 872 652 954 prodest
666 877 706 952 oi,
725 875 780 954 qui
793 875 912 936 iustum
927 875 1055 937 initium
1067 875 1275 956 possessionis
1290 875 1354 936 ha·
1374 890 1390 934 5

263 959 335 1022 buit
349 979 408 1022 nec
422 959 527 1022 medio
542 969 683 1040 tempore
699 961 919 1040 interpellatus
935 971 994 1022 est.
1019 963 1099 1022 aetio
1115 969 1220 1023 tamen
1236 963 1353 1042 quanti

265 1047 334 1122 eins
349 1047 482 1108 interest
503 1045 659 1108 aduersus
675 1065 728 1107 eos
745 1048 790 1108 rei
806 1045 953 1127 publicae
969 1045 1078 1125 datur,
1098 1049 1154 1128 qui
1170 1065 1207 1109 ea
1224 1048 1352 1126 negotia

226 1130 244 1188 5
265 1131 439 1195 defendere
454 1131 674 1212 neglexerunt.
710 1133 744 1194 Si
759 1142 831 1213 post
845 1142 959 1194 motam
976 1135 1061 1194 intra
1075 1142 1219 1215 tempora
1234 1151 1354 1213 quaes-

263 1221 382 1305 tionem
405 1236 456 1279 res
478 1217 519 1280 ad
541 1236 658 1279 nouum
680 1217 843 1280 dominum
862 1220 1021 1298 emptione
1036 1220 1217 1298 transierit,
1241 1239 1301 1280 neo
1325 1221 1355 1280 is

264 1324 323 1385 per
343 1305 457 1384 uiginti
479 1323 577 1366 annos
600 1303 695 1365 luerit
717 1305 928 1385 inquietatus,
955 1298 1095 1367 auelli'ei
1117 1306 1354 1386 possessionem
1377 1318 1409 1362 44

264 1409 328 1452 non
343 1399 474 1470 oportet.

496 1579 540 1658 [111
583 1596 620 1638 nn
643 1597 689 1639 ms
712 1597 786 1652 oran
810 1597 862 1640 rm
884 1570 999 1640 rraanu
1022 1579 1117 1658 rrvrrr]

228 1697 240 1755 4
350 1699 384 1760 ln
402 1717 464 1777 eos,
484 1698 540 1779 qui
555 1717 614 1779 per
628 1698 753 1762 turbam
766 1696 997 1762 seditionemue
1013 1697 1164 1762 damnum
1181 1701 1278 1775 alicui
1294 1699 1357 1762 de-

265 1784 371 1847 derint
393 1783 575 1847 dandumue
597 1786 796 1862 emanarint,
823 1788 849 1846 si
865 1783 996 1864 quidem
1012 1804 1064 1847 res
1087 1788 1273 1864 pecuniaria
1289 1797 1349 1865 ost,

264 1873 479 1933 aestimatione
501 1869 590 1952 dupli
606 1873 756 1932 sarcitur:
783 1869 910 1950 quodsi
926 1890 966 1932 ex
987 1872 1044 1932 hoo
1059 1873 1181 1952 corpori
1201 1873 1351 1952 alicuius,
1378 1885 1409 1930 45

227 1955 246 2016 2
264 1959 351 2019 uitae
368 1956 561 2018 membrisue
576 1967 737 2036 noceatur,
757 1966 847 2018 extra
869 1955 1015 2018 ordinem
1029 1955 1221 2020 uindicatur.
1249 1958 1356 2031 Quid-

265 2042 399 2123 quidex
415 2042 560 2105 incendio
577 2042 670 2104 ruina
691 2042 855 2122 naufragio
871 2043 1011 2123 uanique
1028 2054 1209 2123 expugnata
1224 2055 1355 2125 raptum

265 2137 447 2210 susceptum
470 2147 720 2210 suppressumue
744 2130 823 2208 erit,
849 2147 885 2189 ao
901 2147 983 2190 anno
999 2130 1031 2190 in
1049 2129 1263 2210 quadruplum
1281 2132 1355 2193 eius

266 2215 330 2292 rei,
350 2233 445 2294 quam
467 2216 538 2294 quis
554 2215 768 2296 suppresserit
788 2215 941 2277 celauerit
960 2216 1119 2296 rapuerit,
1146 2217 1352 2296 conuenitur,

126 2335 130 2340 -
228 2299 245 2358 3
265 2309 372 2380 postea
389 2300 422 2361 in
437 2300 598 2380 simplum.
645 2302 683 2360 Hi
706 2301 762 2381 qui
777 2300 873 2362 aedes
889 2301 1008 2363 alienas
1026 2302 1161 2364 uillasue
1185 2302 1356 2382 expilaue-
1377 2315 1409 2360 eo

266 2387 330 2448 rint
346 2386 528 2466 effregerint
544 2388 814 2466 expugnauerint,
841 2388 867 2447 si
884 2385 1013 2471 quidem
1031 2386 1064 2449 id
1082 2386 1177 2448 turha
1192 2407 1265 2450 oum
1279 2389 1357 2450 telis

266 2482 371 2534 coacta
393 2472 541 2550 iecerint,
566 2473 669 2552 capite
691 2474 880 2554 puniuntur.
926 2472 1059 2536 telorum
1082 2483 1187 2535 autem
1207 2475 1356 2556 appella—

266 2557 351 2620 tione
373 2559 494 2636 omnia,
526 2558 700 2638 exquibus
722 2559 816 2620 saluti
838 2559 975 2622 hominis
996 2561 1104 2621 noceri
1127 2560 1244 2640 possit,
1267 2563 1357 2622 acci-

229 2644 245 2703 i
267 2645 407 2728 piuntur.
454 2645 643 2725 Receptores
658 2644 877 2725 adgressorum
894 2645 1034 2725 itemque
1055 2646 1214 2708 latronum
1238 2646 1355 2718 eadem

266 2750 367 2811 poena
382 2729 583 2809 adficiuntur,
603 2749 665 2812 qua
682 2732 743 2812 ipsi
758 2731 914 2792 latrones:
937 2730 1071 2792 sublatis
1087 2731 1170 2793 enim
1187 2741 1358 2813 suscepto·
1379 2747 1411 2792 aa

229 2815 247 2874 5
267 2817 356 2879 ribus
369 2820 579 2898 grassantium
591 2817 707 2897 cupido
718 2817 924 2896 conquiescit.
948 2819 1046 2879 Fures
1057 2817 1111 2879 uel
1127 2827 1271 2898 raptores
1283 2818 1359 2880 bal-

267 2922 398 2965 nearum
413 2904 602 2984 plerumque
624 2905 657 2964 in
672 2903 833 2964 metallum
856 2903 956 2964 autin
972 2923 1052 2984 opus
1073 2903 1237 2984 publicum
1261 2903 1359 2966 dam-

267 2999 398 3051 nantur:
431 3007 504 3050 nam
527 3007 765 3069 nonnumquam
784 3007 842 3068 pro
864 2987 1043 3069 frequentia
1063 2988 1274 3052 admissorum
1304 2993 1358 3053 iu-

230 3074 400 3139 6dicantis
430 3076 589 3137 sententia
617 3084 825 3156 temperatur.
883 3074 1089 3154 Incendiarii,
1123 3078 1179 3155 qui
1209 3078 1360 3140 consulto

268 3260 587 3276 NIWVWVWVVVVWVWW
918 3260 1158 3275 wmwvwvwwv
1163 3261 1190 3276 υἾΙ
1196 3261 1358 3278 mamm.

338 3351 363 3407 3,
378 3351 391 3396 4
406 3365 437 3388 =
452 3347 511 3410 Dip.
528 3348 568 3406 48,
584 3351 609 3409 6,
626 3349 651 3395 44
667 3360 710 3409 pr.
725 3343 762 3410 §l

242 3607 249 3624 ⁸
339 3606 348 3652 4
371 3603 712 3668 quamsieisortosoeocr.
744 3603 755 3667 ll
783 3607 841 3654 rata
854 3605 890 3664 44,
911 3605 1019 3668 gratal
1047 3603 1059 3667 ΙΙ
1088 3606 1358 3670 2qnaeritnrdatt.,

268 3686 398 3737 quaerere
410 3674 440 3733 L,
455 3673 617 3723 inaereredl
647 3672 658 3735 ll
688 3674 839 3737 aspatium
853 3674 901 3724 ML
930 3673 941 3736 ΙΙ
972 3673 1111 3738 tuiginti]
1129 3674 1225 3724 decem
1237 3676 1358 3741 ueluig.

240 3742 387 3792 'Huschke
409 3741 421 3805 11
451 3741 609 3806 eprodesse
621 3743 719 3791 codices
748 3741 759 3805 ΙΙ
789 3743 841 3792 tis
855 3743 890 3805 44,
905 3741 995 3806 ipsel
1025 3741 1036 3804 14
1067 3743 1097 3791 44
1111 3740 1359 3808 dandumuedctt.,

270 3811 400 3862 damnum
414 3813 450 3871 M,
464 3812 627 3862 iniuriamne
641 3807 685 3871 lb,
699 3811 944 3860 iniuriamneuoL⁸
990 3810 1001 3874 ΙΙ
1049 3814 1080 3860 46
1099 3811 1266 3862 membrisue
1279 3815 1358 3876 dett,

269 3879 453 3945 membrisque
466 3881 514 3931 ML
554 3879 566 3943 41
606 3883 638 3929 20
657 3880 1023 3944 posteaL,posteauerol!
1055 3879 1066 3944 ΙΙ
1101 3880 1203 3930 alienas
1217 3881 1291 3946 Dt'y„
1305 3885 1362 3934 ali-

269 3962 337 4013 quas
350 3950 408 4010 444,
428 3950 533 4014 aliquas
546 3950 648 3999 alienas
661 3951 722 4000 dett.
770 3948 781 4011 ΙΙ
827 3949 962 4013 uillasque
974 3950 1081 4008 codices,
1101 3951 1148 3998 aut
1159 3950 1240 4000 uillas
1253 3951 1317 4016 Diy.
1353 3954 1363 4016 13

270 4021 298 4065 24
322 4019 345 4068 si
357 4018 424 4082 quid
436 4020 463 4068 in
477 4017 556 4068 turba
569 4031 633 4068 cnm
646 4019 706 4068 telis
720 4016 833 4068 iecerint
843 4017 903 4081 Dig.
934 4015 945 4080 ΙΙ
976 4021 1006 4067 2³
1026 4017 1146 4068 salutilr.
1161 4019 1255 4068 noceri
1268 4025 1361 4086 possit

273 4087 380 4148 (nocere
397 4091 513 4151 possunt
530 4088 558 4146 L)
581 4087 645 4147 ML,
671 4087 769 4150 singuli
787 4086 913 4136 homines
931 4088 1024 4137 noceri
1052 4087 1160 4149 (nocere
1179 4087 1209 4150 F)
1238 4097 1361 4153 possunt

271 4156 330 4218 Dip.
362 4155 372 4217 ΙΙ
400 4159 430 4204 28
450 4169 513 4206 nam
528 4156 661 4218 M‚oot.L
