2926 4888
252 334 326 384 Paul.
343 333 373 393 11,
388 337 505 384 att-u
642 367 728 380 ...-
773 334 812 394 72
857 367 943 380 ..-

250 523 352 601 *quae
376 539 410 584 se
426 522 531 583 sciens
553 539 646 582 seruo
670 522 862 604 municipum
885 521 1041 599 iunxerit,
1065 522 1158 582 etiarn
1180 524 1264 584 citra
1280 521 1344 583 de-

250 608 497 668 *nuntiationem
513 607 627 668 anciila
641 606 793 670 efficitur:
812 627 875 669 non
892 609 977 686 item,
996 608 1023 668 si
1038 609 1168 669 nesciat.
1195 609 1341 670 nescisse

250 695 375 755 *autem
396 690 542 771 uidetur,
572 712 653 773 quae
680 703 837 773 comperta
860 691 1042 754 condicione
1069 693 1279 755 contubernio
1304 713 1340 755 se

194 779 232 838 15
250 778 437 856 *abstinuit‚
463 789 517 840 aut
539 778 689 841 libertum
710 781 845 860 putauit.
894 777 1006 840 Libera
1027 779 1143 841 mulier
1163 780 1340 842 contuber-

250 865 356 926 *nium
373 866 441 926 eius
452 875 569 943 secuta,
589 867 645 945 qui
660 867 769 946 plures
781 863 923 928 dominos
935 863 1054 943 habuit,
1075 867 1144 926 eius
1157 865 1191 926 111
1206 867 1335 943 ancilla,
1360 875 1375 920 5

194 951 232 1010 16
251 951 324 1029 *qui
339 952 425 1030 prior
441 950 659 1029 denuntiauit,
679 953 740 1014 nisi
756 951 836 1013 iorte
852 950 893 1012 ab
915 950 1062 1012 omnibus
1077 950 1193 1012 facturn
1210 953 1261 1012 sit.
1304 953 1336 1012 Si

250 1038 369 1098 *mater
390 1055 482 1099 seruo
506 1037 560 1096 filii
583 1056 617 1099 se
637 1038 794 1114 iunxerit,
820 1057 882 1098 non
904 1037 985 1098 tollit
1006 1045 1135 1098 senatus
1157 1037 1336 1100 consultum

249 1121 478 1184 *Claudianum
502 1122 752 1186 erubescendam
774 1124 884 1184 matris
905 1123 999 1185 etiam
1025 1123 1108 1184 inre
1130 1124 1217 1203 turpi
1242 1142 1338 1184 reue-

249 1209 401 1268 *rentiam
418 1209 562 1288 exemplo
579 1210 658 1286 eius,
677 1228 759 1289 quae
775 1228 809 1270 se
824 1228 917 1271 seruo
930 1206 1037 1270 liberti
1053 1209 1103 1270 sui
1119 1210 1334 1270 coniunxerit.

193 1291 231 1352 17
249 1292 382 1355 *Tribus
404 1293 699 1357 denuntiationibus
719 1304 874 1356 conuenta
901 1295 960 1356 etsi
983 1313 1024 1355 ex
1043 1304 1172 1356 senatus
1193 1296 1339 1356 consulto
1357 1303 1390 1348 ⁴⁰

249 1378 345 1440 *facta
361 1379 509 1442 uideatur
524 1379 650 1459 ancilia,
669 1380 795 1442 domiuo
810 1391 916 1443 tamen
931 1379 1110 1441 adiudicata
1134 1382 1212 1441 citra
1228 1390 1339 1442 aucto-

249 1467 393 1526 *ritatem
417 1467 594 1546 interpositi
610 1485 669 1547 per
684 1466 863 1547 praesidem
878 1466 996 1529 decreti
1011 1485 1074 1527 non
1091 1465 1240 1528 uidetur:
1266 1468 1337 1547 ipse

192 1551 230 1610 18
248 1553 351 1612 *enim
368 1551 464 1614 debet
479 1551 604 1614 auferre
621 1555 677 1633 qui
699 1552 775 1614 dare
791 1562 893 1633 potest
914 1552 1105 1629 libertatem.
1144 1553 1221 1613 Filia
1243 1552 1338 1613 iami-

249 1638 325 1699 *iias
346 1647 467 1699 mortuo
493 1648 582 1718 patre
605 1640 686 1700 siin
710 1640 796 1700 serui
825 1638 1034 1700 contubernio
1061 1640 1332 1719 perseuerauerit,

249 1726 324 1803 *pro
346 1733 455 1786 tenore
473 1734 599 1786 senatus
614 1725 747 1788 consulti
764 1724 928 1786 Claudiani
950 1735 1107 1786 conuenta
1122 1723 1262 1786 efficitur
1277 1743 1338 1786 an·
1357 1732 1391 1779 45

248 1811 370 1870 *cilia*
1457 1819 1459 1884 1

634 2001 711 2080 [xum
753 2017 790 2060 nr
812 1997 946 2079 norrsvs]
1458 2009 1460 2092 Ι

213 2118 224 2178 1
334 2118 395 2179 Dos
410 2128 463 2179 ant
478 2118 637 2180 antecedit
652 2128 705 2181 aut
720 2120 867 2199 sequitur
883 2119 1127 2195 matrimonium,
1146 2127 1177 2180 et
1194 2117 1265 2180 ideo
1280 2119 1337 2180 uel

248 2215 322 2266 ante
345 2205 473 2284 nuptias
494 2206 546 2266 uel
569 2215 638 2285 post
659 2206 786 2285 nuptias
807 2204 945 2279 darit
891 2213 945 2285 pot
946 2214 1010 2266 est:
981 2202 1093 2266 tsed
1109 2214 1183 2265 ante
1205 2205 1337 2284 nuptias

199 2291 231 2349 11
249 2289 322 2351 data
343 2309 453 2353 earum
466 2300 611 2370 expectat
626 2289 810 2354 aduentum.
849 2293 970 2353 *Mutus
991 2288 1107 2352 surdus
1122 2309 1236 2352 caecus
1251 2289 1336 2351 dotis
1357 2300 1388 2344 11
1459 2315 1460 2346 1

198 2369 230 2435 ib
247 2377 393 2438 *nomine
409 2375 597 2456 obligantur,
616 2379 689 2457 quia
707 2387 748 2438 et
754 2379 882 2457 nuptias
898 2377 1083 2441 contrahere
1099 2385 1244 2456 possunt.
1270 2378 1337 2437 111-

247 2463 362 2523 *nente
386 2465 583 2524 matrimonio
606 2482 669 2524 non
692 2462 875 2544 perditurae
897 2463 988 2524 uxori
1010 2461 1051 2523 ob
1072 2464 1128 2524 has
1144 2480 1255 2524 causas
1278 2460 1337 2523 dos

247 2547 358 2610 *reddi
385 2557 504 2627 potest:
534 2558 570 2610 ut
598 2568 669 2612 sese
696 2567 833 2628 suosque
859 2549 938 2626 alat,
964 2558 1000 2610 ut
1026 2545 1160 2610 fundum
1183 2547 1334 2610 idoneum

247 2635 365 2712 *emat,
386 2635 468 2696 utin
484 2636 629 2698 exsilium
653 2635 706 2696 trel
730 2637 763 2695 in
779 2634 915 2696 insulam
937 2635 1075 2714 relegato
1091 2635 1216 2712 parenti
1239 2651 1336 2714 prae·

246 2721 327 2782 *stet
346 2721 510 2800 alimonia,
542 2732 596 2784 ant
618 2732 653 2785 ut
676 2730 821 2802 egentem
842 2721 967 2798 uirum,
999 2719 1128 2782 fratrem
1152 2738 1334 2782 sororemue
1355 2729 1388 2776 25

246 2807 452 2870 *sustineat*

210 2893 229 2954 2
334 2895 415 2973 Lege
437 2894 514 2955 Iulia
536 2893 577 2956 de
603 2892 768 2955 adulteriis
794 2902 941 2969 cauetur,
970 2911 1011 2954 ne
1039 2890 1142 2953 dotale
1167 2888 1334 2970 praedium

248 2981 379 3041 maritus
393 2980 495 3042 inuita
510 2999 608 3044 uxore
624 2980 753 3042 alienet.

438 3167 507 3247 [xxu
550 3187 588 3228 nn
610 3187 709 3228 rueris
732 3184 931 3227 1111111111
954 3186 989 3226 rr
1012 3165 1138 3246 vxoanu]

212 3287 223 3346 1
333 3289 465 3348 Fructus
477 3285 568 3349 fundi
584 3286 695 3348 dotalis
707 3295 869 3348 constante
882 3285 1079 3347 matrimonio
1090 3286 1232 3367 percepti
1245 3286 1331 3346 lucro
1354 3296 1388 3341 ao

248 3365 353 3433 mariti
368 3371 496 3450 cedunt,
515 3373 608 3434 etiam
620 3391 678 3453 pro
690 3381 755 3434 rata
771 3372 938 3451 annicius,
957 3390 1019 3452 quo
1035 3371 1151 3433 iactum
1165 3381 1213 3433 est
1225 3371 1333 3433 diuor-

211 3459 230 3520 2
248 3459 339 3519 trum
379 3457 535 3519 Omnibus
557 3461 657 3538 pactis
672 3459 832 3538 stipulatio
855 3456 956 3519 subici
978 3456 1073 3519 debet
1061 3465 1151 3536 1,11
1173 3478 1214 3520 ex
1231 3457 1333 3538 stipu-

248 3545 314 3606 latu
330 3544 409 3606 actio
425 3545 512 3606 nasci
527 3545 637 3624 possit.

251 3731 294 3744 κν·
306 3729 817 3744 ωΜΛΑΜΜΝἏΛΜΝΑΜΛΜΜΛΝυ
819 3729 888 3743 vm
892 3729 943 3743 ’114Ν
946 3729 1056 3743 xlxmxmvs«
1071 3731 1081 3738 11
1094 3729 1328 3744 υνωΛΛΙ-,ιωΛΛΝκΛ-κι

249 3955 300 3968 ΛΑΝ
305 3955 488 3969 »ΛινννυυνψΛΛ
494 3953 612 3968 νννννννῖ
620 3953 685 3967 ’νυνι
691 3954 696 3963 1
704 3954 710 3962 ¹
716 3952 791 3966 ΛΑΜ]

248 4145 278 4196 M
317 4078 415 4127 uitem
434 4077 542 4138 111111,
569 4075 640 4128 idem
664 4075 763 4126 Vesoot
806 4075 818 4137 11
865 4075 897 4124 15
914 4071 1016 4135 uirum]
1043 4071 1128 4122 filium
1149 4087 1181 4122 ex
1201 4073 1254 4125 aiio
1272 4073 1332 4122 uiro

277 4157 390 4195 11111111
569 4163 571 4166 ·

318 3823 374 3877 au,
392 3823 428 3867 11.
444 3815 473 3866 rb
486 3838 518 3862 =
533 3819 591 3882 nep.
608 3822 649 3876 aa,
665 3823 690 3878 1
705 3820 736 3866 11

1460 4185 1461 4248 1
