2922 4898
475 373 561 386 ...-
604 339 645 402 59
688 375 775 386 ...-
938 340 1013 392 Paul.
1026 343 1048 405 l,
1063 345 1159 391 44-44

87 531 202 591 riarum
217 529 298 609 legis
312 530 472 610 Aquiliae,
501 529 586 610 [item
603 528 642 590 de
659 528 750 591 modo
765 529 849 610 agri,
876 547 947 591 cum
963 529 1162 592 auenditore

55 617 71 679 2
88 625 206 697 emptor
229 613 383 696 deceptus
404 615 477 696 est]
517 616 565 676 Ex
577 615 636 676 his
652 617 772 694 causis,
797 633 878 695 quae
895 615 1079 678 infitiatione
1102 615 1164 678 du·

88 702 221 781 piantur,
240 711 330 781 pacto
345 701 451 764 decidi
467 720 529 762 non
545 710 658 782 potest.
969 720 971 724 ’

337 873 383 954 [xx
425 891 463 934 nr
484 891 670 935 rmnrrssouu
692 893 729 932 rr
751 872 905 954 sronsour]
942 906 945 910 ·

169 994 256 1054 lnter
277 991 478 1069 fideiussores
494 1011 534 1053 ex
556 992 659 1054 edicto
673 995 843 1073 praetoris,
869 993 897 1054 si
912 992 1063 1053 soluendo
1086 995 1160 1071 sint,
1182 1004 1196 1050 4

87 1079 159 1140 licet
173 1079 290 1159 singuli
307 1079 339 1139 in
355 1077 490 1140 solidum
505 1085 686 1157 teneantur,
704 1077 851 1160 obligatio
867 1077 1041 1140 diuidctur.

587 1248 660 1329 [xxi]

169 1369 224 1431 *ln
240 1369 443 1432 dardanarios
466 1380 596 1450 propter
611 1369 726 1431 falsum
741 1389 962 1440 mensurarum
982 1370 1110 1432 modum
1125 1369 1166 1430 ob

86 1457 271 1518 *utilitatem
292 1456 454 1535 popularis
474 1474 617 1518 annonae
639 1475 697 1536 pro
712 1456 803 1518 modo
825 1456 954 1518 admissi
970 1466 1058 1518 extra
1079 1454 1167 1517 ordi-

85 1540 174 1604 *nem
188 1540 347 1604 uindicari
362 1540 519 1622 placuit.*,
1185 1553 1216 1598 44

344 1711 401 1793 [rou
444 1731 481 1773 uu
505 1732 675 1774 srrrucurus
697 1734 734 1774 ur
756 1712 909 1794 44444444]

55 1835 65 1892 4
171 1833 221 1894 Ob
242 1833 405 1894 incursum
427 1832 566 1895 fluminis
587 1833 640 1895 uel
660 1843 779 1895 metum
801 1831 953 1895 *ruinae*
968 1851 1083 1913 corpus
1103 1832 1166 1892 iam

86 1930 258 2000 perpetuae
273 1920 453 1998 sepulturae
469 1919 620 1980 traditum
635 1919 841 1981 sollemnibus
859 1917 991 1980 redditis
1006 1917 1166 1980 sacrificiis
1271 1981 1272 1984 ,

53 2007 70 2068 2
86 2024 143 2085 per
158 2014 283 2066 noctem
304 2007 338 2065 in
355 2005 450 2066 alium
472 2006 573 2066 locum
595 2005 759 2066 transferri
775 2014 889 2086 potest.
930 2004 1049 2085 Corpus
1071 2007 1105 2065 in
1120 2005 1166 2065 ci-

85 2093 214 2153 uitatem
240 2090 353 2151 inferri
372 2109 435 2151 non
458 2091 546 2167 licet,
573 2111 613 2152 ne
635 2091 838 2152 funestentur
853 2109 940 2152 sacra
956 2091 1108 2152 ciuitatis:
1135 2099 1166 2151 et
1185 2102 1217 2147 44

52 2179 68 2238 3
87 2177 140 2256 qui
157 2186 265 2238 contra
287 2195 324 2238 ea
338 2175 465 2256 iecerit,
492 2187 581 2238 extra
597 2176 740 2238 ordinem
761 2178 902 2258 punitur.
942 2176 1045 2238 *Intra
1060 2195 1168 2237 muros

87 2261 245 2324 *ciuitatis
264 2281 378 2342 corpus
392 2264 574 2342 sepulturae
591 2261 660 2324 dari
676 2282 738 2324 non
761 2273 864 2343 potest
879 2264 932 2324 uel
946 2264 1067 2325 ustrina
1083 2262 1163 2324 fieri.

53 2347 166 2421 l*Qui
194 2367 308 2428 corpus
329 2358 502 2429 perpetuae
525 2350 706 2428 sepulturae
726 2349 878 2411 traditum
903 2351 956 2411 uel
978 2349 1018 2410 ad
1041 2357 1167 2429 tempus

87 2432 198 2496 *alicui
219 2435 285 2495 loco
308 2435 559 2496 commendatum
575 2433 744 2496 nudauerit
765 2444 797 2496 et
812 2435 886 2496 solis
908 2434 1005 2497 radiis
1020 2434 1168 2496 ostende-

87 2518 156 2598 *rit,
174 2520 336 2600 piaculum
353 2523 534 2582 committit:
561 2531 655 2600 atque
671 2519 754 2599 ideo,
773 2522 800 2581 si
816 2521 976 2582 honestior
990 2521 1048 2600 sit,
1068 2521 1100 2581 in
1116 2521 1167 2581 in·
1185 2533 1217 2577 44

52 2609 69 2666 t
86 2604 214 2685 *sulam,
234 2607 261 2666 si
276 2607 434 2684 humilior,
454 2608 486 2668 in
503 2607 665 2668 metallum
681 2606 748 2668 dari
764 2607 852 2668 solet.
886 2607 947 2678 Qui
963 2606 1167 2687 sepulchrum
1262 2617 1269 2636 ¹

87 2692 296 2753 *uiolauerint
317 2702 372 2753 aut
388 2693 428 2754 de
444 2693 609 2772 sepulchro
630 2693 751 2771 aliquid
766 2691 969 2770 sustulerint,
987 2712 1045 2772 pro
1059 2711 1169 2772 perso-

87 2777 218 2840 *narum
241 2778 391 2858 qualitate
408 2786 461 2840 aut
478 2780 509 2839 in
525 2778 686 2840 metallum
703 2777 819 2840 dantur
840 2786 895 2839 aut
909 2779 942 2839 in
960 2779 1093 2838 insulam
1111 2777 1168 2840 de·

53 2867 69 2924 t
87 2864 283 2944 *portantum
315 2865 375 2936 Qui
392 2865 595 2944 sepulchrum
611 2864 749 2925 alienum
766 2864 925 2942 effregerit
939 2863 992 2925 uel
1008 2864 1169 2943 aperuerit

88 2948 208 3030 *eoque
223 2958 383 3012 mortuum
398 2970 491 3012 suum
507 2951 686 3012 alienumue
702 2951 862 3026 intulerit,
881 2950 1082 3029 sepulchrum
1097 2950 1168 3010 uio·
1186 2960 1218 3006 25

52 3034 187 3098 7*lasse
214 3034 353 3098 uidetur.
392 3035 526 3098 Vendito
548 3035 645 3097 fundo
673 3036 817 3115 religiosa
843 3036 908 3096 loca
929 3034 970 3096 ad
996 3043 1167 3115 emptorem

52 3124 70 3181 8
87 3119 167 3183 *non
189 3132 356 3183 transeunt
376 3141 436 3183 nec
456 3123 489 3182 in
506 3123 554 3182 his
570 3124 620 3182 ius
643 3119 761 3183 inferre
780 3130 939 3182 mortuum
960 3119 1066 3182 habet.
1106 3122 1167 3194 Qui

87 3206 309 3269 *monumento
331 3209 498 3288 inscriptos
512 3209 620 3282 vtitulos
643 3208 774 3268 eraserit
794 3207 847 3268 uel
862 3215 996 3268 statuam
1015 3208 1169 3269 euerterit

87 3291 160 3355 *uel
175 3293 254 3374 quid
270 3312 309 3354 ex
325 3293 435 3355 eodem
451 3295 592 3372 traxerit,
611 3293 749 3373 lapidem
760 3294 978 3355 columnamue
990 3295 1165 3370 sustulerit,

52 3378 311 3459 9*sepulchrum
338 3381 473 3442 uiolasse
502 3379 641 3441 uidetur.
687 3380 721 3439 ln
743 3399 779 3441 eo
807 3381 994 3460 sarcophago
1016 3380 1069 3442 uel
1091 3381 1166 3458 solo,
1187 3390 1218 3435 44

89 3533 138 3546 'VW

155 3607 207 3652 444
221 3623 252 3646 =
267 3601 326 3666 Dia.
342 3605 385 3663 44,
399 3605 441 3662 ts,
456 3605 487 3650 at
518 3601 528 3665 ΙΙ
559 3605 601 3662 al,
616 3605 682 3652 4-9
695 3604 829 3664 suppletae
839 3607 899 3652 sont
911 3615 946 3652 oc
959 3604 1091 3653 Vesontino
1105 3602 1169 3664 (Go-

86 3674 146 3722 ioeii
160 3673 268 3722 obceno.
283 3674 324 3732 24,
341 3672 381 3732 ts)

97 3791 105 3800 *l
111 3789 579 3803 wumuvvm-auwvwwvmntvxntwm
583 3789 731 3802 ΛΛΛΛΛΛΛΛΛΙ
737 3791 748 3802 ,κ
753 3789 909 3802 ιΛΛκννννν-Ινυ·
915 3789 1042 3802 ΛΛΛΛΛΛΛΜ
1048 3789 1114 3800 mma
1124 3789 1156 3798 mv.
1162 3794 1168 3799 ι-

158 3883 168 3926 4
192 3879 257 3928 item
272 3915 278 3926 .
295 3915 300 3926 .
317 3913 324 3926 .
340 3881 355 3925 2
368 3880 409 3927 est
420 3879 512 3938 spurio
524 3890 579 3928 4444
591 3877 676 3926 docuit
688 3877 798 3938 Rudorff
809 3876 955 3938 zeitschrift
965 3877 1011 3939 fiir
1022 3875 1166 3938 peschieitl.

89 3945 759 4008 Recitatoiasensoioftltp.tttsqq.,cs.2,lt,t
789 3944 800 4007 44
829 3945 1168 4002 444444...444444,4444

88 4015 262 4066 uenditorei
292 4015 304 4077 14
334 4015 421 4064 tsint
433 4016 504 4073 dett,
518 4015 554 4062 sit
565 4015 595 4074 L,
610 4014 757 4078 speciosi!
783 4012 794 4076 ΙΙ
825 4016 855 4062 44
874 4014 969 4062 ruinae
984 4013 1134 4062 vesonticae
1146 4015 1170 4060 44

93 4086 232 4135 Vaticanus
244 4097 299 4148 rep.
315 4088 390 4142 4448,
410 4095 459 4132 om.
480 4083 615 4146 Wisiootti
649 4083 660 4146 ΙΙ
696 4087 726 4132 ta
740 4081 855 4132 redditis
867 4082 903 4140 Μ,
918 4082 1001 4130 4444.
1037 4081 1049 4142 ΙΙ
1084 4083 1113 4128 44
1129 4080 1170 4128 ci-

88 4155 173 4204 uitate
186 4153 235 4203 444
