2926 4888
485 389 572 402 .....
615 357 656 418 95
700 389 788 402 ...-
1015 355 1088 406 Paul.
1103 356 1148 415 IV,
1165 357 1175 402 4

477 631 591 692 LlBEll
617 629 796 702 QVARTVS

449 783 471 865 [ι
514 804 550 846 na
573 785 815 866 rrnucouurssrs]

51 907 63 964 l
178 903 229 967 Ab
250 923 364 983 uxore,
390 905 442 966 cui
463 905 515 966 uir
537 904 644 966 dotem
665 904 875 984 praelegauit,
902 903 1177 966 fideicommissum

88 993 234 1072 relinqui
250 1010 312 1053 non
335 999 454 1072 potest,
480 991 632 1070 quianon
649 1010 690 1051 ex
705 991 860 1052 lueratiua
882 1009 975 1052 causa
991 997 1178 1052 testamento

51 1078 69 1139 i
89 1078 216 1158 aliquid
231 1080 325 1158 capit,
345 1076 402 1138 sed
418 1077 582 1157 proprium
597 1079 739 1156 recipere
754 1075 895 1138 uidetur.
920 1074 947 1138 Α
961 1085 1106 1156 postumo
1121 1076 1179 1137 he·
1198 1089 1211 1135 t
1282 1151 1285 1156 .

50 1165 68 1223 3
89 1163 171 1226 rede
193 1165 339 1225 instituto
363 1161 639 1224 fideicommissum
663 1160 733 1223 dari
755 1170 869 1242 potest.
916 1160 966 1222 Ab
989 1163 1178 1242 imperatore

51 1252 68 1310 l
88 1247 214 1312 herede
238 1250 381 1311 instituto
402 1249 539 1328 legatum
561 1258 594 1310 et
609 1248 884 1311 fideicommissum
907 1248 974 1328 peti
990 1256 1104 1328 potest.
1152 1247 1178 1309 Α

90 1335 190 1398 surdo
205 1336 259 1398 uel
274 1344 371 1413 muto,
390 1335 459 1397 siue
476 1335 615 1414 legatum
638 1337 798 1414 acceperit
813 1335 883 1396 siue
904 1335 999 1395 heres
1015 1334 1179 1395 institutus

89 1422 202 1484 situel
219 1421 259 1484 ab
280 1423 427 1483 intestato
443 1417 654 1500 successerit,
674 1420 951 1482 fideicommissum
971 1420 1176 1500 relinquitur.

40 1510 73 1568 l*
89 1507 134 1568 *A
153 1517 245 1589 patre
267 1507 321 1568 uel
343 1505 469 1570 domino
492 1508 637 1568 relictum
653 1507 948 1583 fideicommissum,
973 1509 999 1567 si
1016 1505 1179 1576 hereditas
1200 1518 1229 1563 to

89 1593 142 1656 *ei
164 1613 228 1654 nen
244 1602 432 1673 quaeratur,
452 1592 491 1655 ab
508 1593 703 1673 emancipato
718 1591 782 1654 filio
798 1593 850 1654 uel
872 1611 964 1654 seruo
988 1593 1181 1654 manumisso

89 1679 247 1742 *utilibus
262 1678 439 1742 actionibus
451 1680 644 1759 postulatur:
663 1697 763 1760 penes
778 1681 832 1740 eos
847 1679 931 1739 euim
945 1678 1107 1758 quaesitae
1123 1678 1182 1739 hc-

54 1765 72 1825 5
90 1765 258 1829 *reditatis
276 1766 524 1827 emolumentum
540 1763 715 1827 remanet*
750 1765 811 1837 Qui
834 1764 1111 1826 fideicommissum
1128 1782 1181 1825 re-

92 1853 229 1933 linquit,
256 1853 351 1913 etiam
368 1870 440 1913 cum
455 1870 492 1912 eo
507 1850 593 1930 loqui
610 1859 713 1931 potest
729 1851 780 1913 cui
795 1851 963 1931 relinquit,
989 1851 1078 1912 uelut
1092 1868 1176 1928 rnro,

93 1938 152 1999 Gar
168 1940 235 2014 Su,
261 1953 432 1999 coarsurvs
455 1955 495 1998 srs
511 1955 577 1997 um
592 1955 643 2014 as,
671 1946 818 1999 autvoto
834 1955 893 1996 ruu
907 1953 994 1997 suurn
1010 1955 1189 1998 reassum-
1200 1947 1230 1993 45

56 2025 74 2083 6
92 2023 380 2086 Fideicommittere
396 2023 445 2084 his
459 2021 569 2084 uerbis
580 2040 747 2102 possumus
758 2041 850 2101 noco,
864 2039 947 2100 raro,
960 2040 1049 2100 rouo,
1065 2039 1177 2100 urimo,

92 2127 261 2187 nsrnsoon,
287 2128 389 2187 ovrro,
414 2127 547 2171 rurvueo.
586 2127 728 2170 ursmaro
749 2126 876 2188 quoque
899 2117 931 2169 et
950 2127 1058 2170 rmsro
1082 2107 1181 2169 uerba

93 2197 173 2259 utile
199 2194 319 2258 iaciunt
343 2194 632 2257 fideicommissum.
678 2213 823 2268 anursovo
850 2214 926 2256 uero
953 2203 984 2255 et
1016 2211 1173 2255 conusuno

44 2282 76 2339 6²
93 2283 216 2345 nnllam
238 2281 470 2343 fideicommissi
491 2281 621 2362 pariunt
642 2283 809 2343 actionem.
854 2280 957 2342 *Nutu
974 2282 1065 2342 etiam
1083 2280 1181 2340 relin-

92 2367 226 2450 *quitur
240 2367 533 2446 fideicommissum,
558 2365 727 2429 dummodo
743 2368 770 2427 is
785 2376 865 2429 nutu
881 2368 1059 2446 relinquat,
1078 2368 1134 2446 qui
1150 2376 1181 2427 et
1200 2375 1231 2420 2⁰

93 2454 201 2535 *loqui
219 2463 332 2535 potest,
350 2454 412 2515 nisi
429 2455 661 2534 superueniens
677 2452 806 2514 morbus
822 2455 851 2513 ei
867 2450 1093 2534 impedimento
1108 2449 1182 2514 sit*

58 2537 76 2598 'l
94 2543 171 2604 Tam
188 2548 311 2602 nostras
326 2558 377 2601 res
393 2558 487 2620 quam
503 2540 622 2601 alienas
633 2559 692 2620 per
707 2538 983 2601 fideicommissum
998 2539 1180 2619 relinquere

95 2644 283 2707 possumus:
310 2624 366 2689 sed
382 2634 506 2687 nostrae
522 2627 643 2702 statim,
669 2625 791 2688 alienae
807 2633 914 2688 autem
929 2625 1111 2688 aestimatae
1127 2632 1182 2686 aut

58 2711 76 2769 8
94 2711 283 2792 redemptae
300 2721 512 2792 praestantur.
551 2712 583 2773 Si
600 2712 734 2774 alienam
751 2730 818 2772 rem
833 2719 995 2790 tamquam
1010 2727 1099 2773 suam
1115 2719 1181 2772 tes-

94 2807 182 2862 tator
202 2816 260 2878 per
280 2796 554 2860 fideicommissum
570 2797 752 2878 reliquerit,
777 2816 840 2858 non
856 2797 1040 2874 relicturus,
1059 2796 1086 2856 si
1102 2795 1181 2857 alie·
1200 2805 1230 2850 44

95 2903 172 2947 nam
189 2883 310 2960 scisset,
327 2892 362 2944 ut
373 2884 452 2945 solet
466 2884 615 2963 legatum,
635 2886 678 2946 ita
690 2883 801 2946 inutile
815 2883 875 2944 erit
890 2881 1177 2943 fideicommissum.

59 2971 76 3030 9
95 2973 242 3032 Testator
255 2971 467 3048 superuiuens
478 2971 504 3032 si
521 2988 590 3032 eam
606 2988 783 3050 remquam
798 2969 972 3048 reliquerat
986 2966 1178 3045 uendiderit,

41 3056 76 3115 tt
95 3055 299 3136 extinguitur
314 3054 602 3117 fideicommissum.
643 3055 811 3132 Codicitlis,
831 3055 885 3134 qui
903 3062 1090 3116 testamento
1105 3071 1182 3114 con—

96 3142 214 3202 firmati
237 3159 300 3202 non
321 3149 410 3220 sunt,
436 3140 632 3222 adscriptum
647 3140 921 3202 fideicommissum
945 3141 1015 3201 iure
1031 3138 1178 3201 debetur.

42 3227 72 3285 ll
95 3228 177 3289 Filio
200 3226 454 3308 quibuscumque
475 3226 586 3289 uerbis
600 3247 618 3290 a
633 3237 722 3308 patre
744 3226 1020 3288 fideicommissum
1036 3225 1181 3289 relietum
1200 3232 1231 3279 ³⁰

96 3316 169 3376 iure
186 3311 339 3375 debetur:
358 3312 475 3375 sufficit
490 3315 576 3376 enim
591 3314 675 3374 inter
685 3313 867 3374 coniunctas
881 3330 1033 3392 personas
1048 3310 1183 3392 quibus-

97 3418 237 3479 cumque
258 3398 368 3461 uerbis
390 3408 424 3460 ut
447 3400 479 3460 in
501 3398 669 3462 donatione
690 3399 838 3460 uoluntas
857 3415 1017 3478 expressa.
1064 3406 1096 3459 et
1112 3397 1182 3460 ideo

42 3485 78 3547 ⁴2
97 3488 196 3548 etiam
217 3503 405 3556 remmom
419 3503 568 3547 noarurra
589 3493 674 3546 recte
691 3484 836 3546 relictum
857 3483 998 3546 uidetur.
1044 3484 1078 3545 ln
1100 3492 1184 3544 tem-

98 3591 161 3654 pus
185 3571 444 3652 emancipationis
466 3572 519 3632 uel
535 3590 594 3632 cvr
609 3589 653 3631 su
668 3589 742 3632 rvris
757 3589 824 3631 ann
840 3569 1116 3632 fideicommissum
1131 3588 1184 3631 re-

97 3761 148 3776 Mn

171 3823 445 3908 ⁴,t·='m9.as,t
475 3843 486 3907 ιι
517 3842 860 3906 somniassem.

408 3981 482 3993 ΛΜΛΙ*
487 3979 825 3993 ΆΛΛΑΛΜΛΛΛΙΝΜΜΜ
1051 3978 1180 3994 ΑΑΛΛΛΛΛΛ

170 4102 258 4166 tpeti
272 4083 409 4161 L,om.ll
448 4098 459 4164 ΙΙ
501 4103 531 4149 47
551 4101 656 4165 inpetro
668 4097 752 4150 uerba
763 4099 839 4148 utilia
849 4099 948 4148 codices
985 4099 997 4162 ΙΙ
1032 4102 1060 4148 at
1083 4096 1183 4149 suflicit

99 4173 136 4232 Μ,
150 4169 301 4223 salicioli
445 4181 447 4186 ·
