2922 4898
298 319 355 384 le.
371 321 424 370 ut
687 351 772 362 -
818 317 857 380 12
901 351 984 364 ...-

296 525 398 570 meres
416 515 470 570 aut
484 515 614 588 propter
632 507 793 588 impensae
807 514 862 568 aut
877 500 1007 586 propter
1021 523 1073 568 res
1088 504 1219 571 donatas
1234 513 1289 568 θυ1
1303 523 1383 584 pro·

238 598 274 658 t0
295 603 367 674 pter
389 611 440 654 res
462 601 591 654 amotas.
631 592 760 674 Propter
782 590 900 654 liberes
922 592 1056 654 retentio
1079 591 1128 668 fit,
1154 592 1181 652 si
1197 591 1292 670 culpa
1307 609 1383 656 mu·

296 679 381 742 lieris
404 686 458 744 aut
479 679 579 758 patris
601 679 691 742 cuiue
712 680 746 740 in
761 687 914 759 potestate
931 687 979 739 est
993 676 1165 738 diuortium
1182 676 1299 740 factum
1316 677 1379 738 sit:

295 775 371 829 tunc
400 764 486 827 enim
508 765 704 846 singulorum
726 764 898 827 liberorum
921 764 1049 825 nomine
1071 772 1178 826 sextae
1200 764 1383 829 retinentur

294 848 438 930 exdate,
462 870 526 913 non
547 852 658 931 plures
678 861 784 914 tamen
806 869 901 930 quam
916 860 992 911 tres.
1026 859 1133 910 sextae
1150 851 1182 912 in
1200 850 1382 918 retentione
1401 867 1412 912 t

195 989 197 994 .
238 943 269 1014 11
295 946 379 1016 sunt,
398 956 461 1001 non
478 937 690 1018 inpetitione.
730 937 807 1017 Dos,
827 955 907 1017 quae
923 936 1022 998 semel
1037 935 1142 998 lunata
1159 946 1223 1014 est,
1242 935 1383 1016 amplius

294 1022 383 1104 fungi
398 1041 460 1084 non
476 1031 589 1102 potest,
608 1024 670 1086 nisi
686 1023 770 1086 aliud
785 1023 1018 1084 matrimonium
1035 1022 1087 1082 sit.
1203 1084 1205 1090 ,

238 1116 275 1177 tn
380 1111 498 1170 llorum
519 1111 646 1170 nomine
667 1111 848 1190 grauiorum
871 1107 1000 1188 quidem
1021 1115 1112 1168 sexta
1135 1109 1305 1184 retinetur,
1332 1107 1383 1168 le-

294 1197 418 1256 uiorum
440 1203 547 1256 autem
569 1205 689 1257 octaua.
730 1196 889 1274 grauiores
912 1212 1015 1256 mores
1038 1203 1110 1255 sunt
1132 1193 1291 1255 adulteria
1308 1204 1383 1253 tan-

236 1288 273 1346 13
293 1291 376 1358 tum,
402 1281 539 1342 leuiores
561 1300 670 1343 omnes
691 1282 817 1361 reliqui.
857 1282 955 1342 Mariti
978 1299 1083 1342 mores
1097 1281 1278 1360 puniuntur
1292 1280 1326 1339 in
1343 1297 1382 1339 ea
1401 1293 1426 1336 11

293 1366 424 1446 quidem
440 1366 530 1446 dote,
548 1385 631 1447 quae
646 1385 664 1429 a
680 1366 731 1428 die
747 1366 841 1428 reddi
856 1365 966 1444 debet,
993 1367 1035 1426 ita
1051 1373 1085 1427 nt
1099 1375 1230 1445 propter
1245 1367 1382 1426 maiores

293 1471 395 1513 mores
424 1463 625 1533 praesentem
654 1452 758 1514 dotem
789 1452 911 1530 reddat,
945 1462 1072 1532 propter
1103 1453 1239 1513 minores
1266 1470 1381 1513 senum

294 1558 439 1600 mensum
455 1537 519 1600 die.
559 1541 593 1600 in
610 1558 645 1601 ea
661 1550 784 1618 autem,
811 1559 892 1619 quae
908 1557 1061 1620 praesens
1077 1536 1169 1599 reddi
1184 1538 1278 1616 solet,
1306 1547 1381 1597 tan-

293 1635 360 1686 tum
377 1644 418 1686 cx
433 1624 590 1688 tractibus
606 1625 736 1687 iubetur
753 1625 898 1704 reddere,
921 1635 1074 1706 quantum
1091 1626 1124 1685 in
1141 1625 1194 1686 illa
1209 1623 1283 1686 dote
1299 1641 1380 1703 quae

292 1711 428 1773 triennio
444 1710 590 1774 redditur
605 1713 847 1791 repraesentatio
864 1711 947 1772 lacit.
1398 1723 1424 1766 11

236 1804 272 1864 11
378 1801 595 1878 Impensarum
613 1799 734 1879 species
750 1808 825 1875 sunt
840 1808 921 1859 tres:
940 1806 995 1859 aut
1010 1797 1094 1858 enim
1110 1797 1310 1858 necessariae
1327 1796 1380 1857 di-

235 1889 272 1948 15
292 1891 408 1945 cuntur
428 1895 482 1945 aut
505 1885 600 1946 utiles
622 1893 677 1945 aut
691 1885 909 1964 uoluptuosae.
945 1884 1147 1944 Necessariae
1162 1892 1236 1944 sunt
1253 1883 1379 1962 impen-

292 1985 361 2047 sae,
389 1969 507 2049 quibus
529 1989 593 2031 non
613 1969 704 2032 lactis
719 1969 775 2031 dos
791 1969 928 2031 deterior
943 1967 1050 2030 lutura
1066 1979 1131 2045 est,
1156 1970 1289 2030 uelut-si
1306 1971 1378 2048 quis

234 2062 272 2122 16
291 2056 435 2116 ruinosas
450 2055 545 2117 aedes
561 2055 717 2118 refecerit.
755 2056 852 2116 Vtiles
869 2065 960 2134 sunt,
985 2055 1104 2136 quibus
1119 2074 1180 2116 non
1197 2055 1287 2115 factis
1303 2056 1379 2134 qui-

292 2139 364 2203 dem
379 2141 518 2203 deterior
533 2142 589 2205 dos
604 2161 667 2203 non
684 2140 794 2221 luerit,
820 2140 908 2203 factis
929 2151 1034 2203 autern
1057 2141 1245 2203 fructuosior
1265 2141 1378 2202 effecta
1397 2152 1423 2197 ae

234 2232 272 2292 l7
291 2237 355 2306 est,
389 2229 488 2292 ueluti
511 2231 537 2290 si
561 2229 667 2289 uineta
691 2237 722 2289 et
744 2228 860 2289 oliueta
882 2228 1003 2289 lecerit.
1049 2228 1258 2307 Voluptuosae
1287 2237 1375 2306 sunt,

290 2312 405 2392 quibus
428 2333 533 2394 neque
557 2315 680 2376 omissis
703 2313 841 2375 deterior
864 2313 919 2376 dos
943 2315 1032 2375 fieret
1052 2332 1160 2393 neque
1182 2312 1272 2374 iactis
1291 2313 1378 2375 irue-

268 2401 406 2461 xtnesior
428 2401 538 2461 effecta
558 2410 622 2462 est:
649 2400 731 2479 quod
743 2401 861 2465 ¹euenit
884 2401 917 2461 in
939 2399 1113 2462 uiridiariis
1135 2410 1168 2460 et
1182 2400 1316 2480 picturis
1331 2401 1378 2460 si-

292 2486 485 2565 milibusque
502 2486 609 2548 rebus,

400 2675 452 2756 [vu
496 2694 532 2736 ns
555 2695 621 2736 ivan
643 2693 838 2738 naanrrcavu
861 2695 947 2737 aaran
970 2693 1058 2738 vrnvn
1080 2695 1115 2736 ur
1138 2673 1266 2755 uxoren]
1395 2687 1423 2732 11

255 2802 265 2860 1
377 2796 463 2857 lnter
484 2797 590 2857 uirum
613 2804 643 2857 et
663 2815 794 2857 uxorem
817 2795 941 2858 donatio
962 2814 1023 2857 non
1046 2797 1130 2858 ualet
1151 2795 1210 2856 nisi
1225 2797 1319 2856 certis
1335 2814 1378 2856 ex

291 2883 409 2962 causis,
436 2881 468 2944 id
485 2892 532 2944 est
546 2884 657 2943 mortis
672 2901 783 2961 causa,
808 2881 939 2944 diuortii
957 2901 1067 2961 causa,
1094 2881 1180 2943 serui
1203 2882 1378 2943 manumit-

290 2968 378 3030 tendi
396 2970 504 3048 gratia.
537 2969 595 3030 boc
610 2969 745 3048 amplius
761 2968 990 3050 principalibus
1006 2966 1284 3030 constitutionibus
1300 2987 1378 3028 eon·
1451 2989 1453 3050 1

291 3073 414 3116 cessum
430 3066 478 3116 est
492 3057 618 3116 mulieri
634 3057 666 3115 in
683 3056 741 3116 hoc
756 3053 872 3117 donare
888 3055 957 3116 uiro
974 3073 1046 3132 suo,
1072 3063 1108 3116 ut
1130 3054 1158 3114 is
1180 3052 1220 3114 ab
1236 3055 1378 3134 impera·
1452 3059 1453 3088 ¹

290 3149 357 3201 tore
373 3141 435 3201 lato
450 3142 538 3202 clauo
553 3142 606 3202 uel
622 3160 703 3221 equo
720 3139 847 3221 publice
863 3142 999 3202 similiue
1015 3140 1131 3201 bonore
1147 3140 1330 3202 honoretur.
1396 3151 1422 3198 et
1452 3165 1453 3208 f

253 3232 271 3290 2
377 3227 410 3286 Si
433 3227 564 3288 maritus
587 3227 716 3289 diuortii
737 3245 830 3288 eausa
852 3247 903 3288 res
926 3228 1097 3304 amouerit,
1124 3244 1231 3287 rerum
1247 3245 1378 3306 quoque
1452 3251 1453 3258 θ

290 3322 462 3374 amotarum
478 3313 597 3373 actione
612 3312 783 3374 tenebitur.

253 3405 270 3461 3
376 3399 410 3460 Si
431 3399 563 3460 maritus
585 3417 642 3478 pro
664 3399 796 3461 muliere
819 3417 853 3460 se
875 3398 1062 3478 obligauerit
1084 3399 1137 3460 uel
1160 3399 1192 3458 in
1215 3417 1283 3459 rem
1306 3399 1377 3460 eius
1452 3431 1453 3440 ¹

288 3548 918 3567 ΛΛΛΜννκΛΛΜΝᾺΝυκΑΛΑΛΛΑΛΛΛΛΛΝνπΛΜΛΛΛΛΛΛ

360 3660 373 3704 6
392 3656 442 3706 dos
460 3656 526 3720 aaa]
553 3657 616 3706 laec
632 3659 714 3708 neree
731 3659 793 3720 1111
810 3657 858 3706 etti
875 3657 956 3706 uelint
974 3661 998 3705 et
1015 3657 1139 3718 quomodo
1157 3669 1216 3706 enne
1232 3657 1376 3708 retentione
1452 3661 1453 3690 r

286 3730 395 3787 propter
415 3727 507 3776 liberae
528 3739 647 3776 concessa
668 3728 835 3784 cohaereant,
859 3738 910 3774 nen
930 3726 1089 3788 inteltepitnr
1122 3722 1132 3789 11
1168 3725 1286 3784 talium
1312 3724 1333 3775 0
1367 3723 1377 3792 ΙΙ
1451 3747 1453 3776 r

290 3797 397 3846 esenta
410 3795 542 3847 retinetur
558 3795 688 3856 Calactae,
703 3792 974 3846 sexteretinenturd
1007 3790 1018 3859 ΙΙ
1053 3795 1268 3856 tgreuiarisaa
1284 3795 1373 3856 (nois)

283 3865 372 3914 *moris
389 3863 421 3914 0²
455 3862 464 3928 11
499 3864 633 3914 adulterio
655 3865 683 3924 G,
702 3864 867 3915 adulterium
886 3862 1014 3927 Boeotinp
1047 3858 1058 3928 11
1094 3866 1120 3910 11
1144 3863 1169 3925 a]
1190 3875 1280 3913 annua
1299 3863 1376 3913 bima
1452 3865 1453 3878 ³

289 3933 368 3982 trima
384 3932 505 3983 Cntueins
533 3929 542 3998 11
570 3936 601 3984 ut
613 3932 699 3984 orni)
725 3929 736 3998 11
766 3934 796 3979 41
815 3931 1110 3996 quaetrienniollnpa
1126 3932 1345 3994 quadriennioC
1367 3929 1377 3998 ΙΙ

290 4006 320 4052 tt
334 4003 546 4066 repraesentatio
563 4002 694 4062 Calactae,
708 4002 862 4066 repensatio
879 4001 898 4052 C
913 3999 924 4065 11
948 4005 979 4049 16
992 4000 1203 4066 repensarumC
1219 3997 1229 4067 11
1252 4005 1284 4052 at
1298 4000 1377 4052 truc·
1452 4053 1453 4058 ,

289 4071 377 4121 tiorC
404 4068 414 4137 ll
443 4075 475 4124 tt
495 4071 579 4134 quod]
597 4070 703 4134 quaec
729 4066 739 4135 11
769 4074 797 4120 tt
819 4071 934 4121 maritus
950 4069 978 4130 0,
993 4069 1092 4119 mulier
1104 4070 1246 4120 Mommsen
1273 4066 1283 4134 ΙΙ
1314 4083 1375 4121 mo·
1452 4061 1453 4082 ¹

289 4140 361 4188 uerit
375 4136 408 4190 Cb
427 4142 530 4201 (manno
543 4141 677 4200 secanda),
691 4153 824 4190 mouera*
836 4140 879 4188 nel
891 4153 1040 4190 moneas-sa
1057 4137 1088 4189 Ca
