2922 4898
499 381 584 394 ...-
630 348 665 410 31
713 381 800 394 ...-
1084 351 1141 414 rip.
1158 352 1188 399 at

37 541 84 601 22
103 560 119 600 a
142 547 357 620 patroneque
380 557 398 598 a
421 535 547 598 domino
571 537 667 616 legari
691 546 804 617 potest.
834 538 950 600 Heredi
972 549 1105 601 asemet
1123 541 1190 620 ipso

37 627 82 687 23
101 626 199 708 legari
214 642 277 686 non
292 633 408 706 potest.
446 624 500 701 Ei,
520 623 622 702 quiin
644 632 797 704 potestate
813 642 909 686 mann
931 625 1127 706 mancipioue
1145 633 1192 686 est

102 710 214 792 scripti
230 708 375 788 heredis,
395 707 455 771 snb
477 707 658 770 condicione
680 710 779 790 legari
794 718 914 789 potest,
940 720 976 774 ut
996 712 1186 792 requiratur,

103 817 167 878 quo
188 807 331 876 tempore
347 795 416 857 dies
437 795 530 876 legati
553 793 648 874 cedit,
673 795 707 856 in
727 804 882 877 potestate
904 795 1031 859 heredis
1053 816 1116 858 non
1137 798 1188 860 sit.

38 886 82 946 st
103 884 157 961 Ei,
182 883 275 946 cuius
290 883 323 944 in
345 889 497 962 potestate
521 899 616 944 manu
636 881 835 962 mancipioue
856 892 905 944 est
924 884 1017 946 heres
1040 885 1186 964 scriptus,
1210 896 1224 940 o

102 970 202 1050 legari
222 967 308 1050 [nou]
327 976 440 1048 potest.

40 1056 82 1116 25
190 1055 280 1116 Sicut
302 1053 444 1134 singulae
462 1071 511 1115 res
533 1053 633 1134 legari
648 1061 796 1134 possunt,
816 1054 857 1116 ita
873 1055 1096 1117 uniuersarum
1112 1074 1192 1136 quo-

103 1160 166 1222 que
183 1159 306 1202 summa
320 1140 419 1220 legari
435 1148 554 1220 potest,
573 1148 609 1200 ut
624 1148 700 1220 puta
722 1139 776 1200 hoo
790 1140 900 1202 modo:
926 1159 1016 1202 neers
1039 1160 1111 1202 nrvs
1133 1161 1190 1204 cvii

102 1229 190 1289 ano
209 1245 411 1288 nrrnnnirnn
426 1243 855 1303 nsrnrinrnoa,n1r1nno:
881 1245 943 1306 quo
967 1246 1042 1290 casu
1062 1226 1191 1290 dimidia

101 1331 176 1395 pars
190 1312 345 1374 bonorum
359 1313 461 1392 legata
476 1309 617 1372 uidetur.
642 1319 745 1392 potest
760 1320 865 1375 autem
879 1322 910 1374 et
924 1313 985 1374 alia
1000 1332 1085 1394 parS,
1103 1315 1191 1376 uelut
1211 1326 1241 1370 to

102 1400 196 1462 tertia
214 1399 267 1461 uel
282 1407 404 1478 quarta,
422 1397 533 1478 legari.
566 1415 647 1476 quae
663 1397 784 1478 speeies
800 1399 928 1478 partitio
944 1400 1128 1480 appelletur.

40 1488 82 1547 26
188 1483 397 1547 Vsusfruotus
417 1483 517 1564 legari
531 1491 634 1564 potest
650 1483 719 1545 iure
735 1483 820 1546 ciuili
843 1503 953 1546 earum
968 1504 1093 1565 rerum,
1113 1505 1192 1568 qua-

102 1591 174 1634 rum
198 1571 287 1632 salua
302 1569 481 1632 substantia
502 1567 614 1631 utendi
632 1567 758 1631 fruendi
780 1578 883 1650 potest
899 1589 968 1632 esse
984 1569 1132 1636 facultas:
1160 1583 1193 1634 et

39 1658 81 1719 27
100 1668 165 1720 tam
188 1656 388 1736 singularum
410 1674 515 1716 rerum
537 1655 802 1735 quamplurium,
829 1657 897 1718 item
911 1657 1023 1735 partis.
1057 1655 1192 1720 Senatus

101 1743 246 1805 consulto
263 1750 388 1804 cautum
404 1749 462 1819 est,
481 1750 530 1820 ut„
546 1741 668 1802 etiamsi
684 1760 793 1806 earum
810 1761 928 1822 rerum,
947 1745 1072 1823 quaein
1089 1743 1191 1806 abusu
1211 1757 1242 1802 ⁴5

101 1830 323 1906 eontinentur,
341 1836 468 1908 utputa
485 1828 553 1889 uini
569 1828 628 1888 olei
644 1827 758 1905 tritici,
776 1826 977 1890 ususfructus
999 1829 1121 1910 legatus
1137 1832 1188 1908 sit,
1213 1890 1216 1898 ,

101 1915 256 1998 legatario
272 1933 323 1976 res
338 1913 516 1990 tradantur,
536 1912 735 1976 cautionibus
752 1915 946 1996 interpositis
962 1914 1002 1977 de
1020 1918 1190 1977 restituen-

101 2001 153 2064 dis
169 2002 229 2078 eis,
249 2019 321 2060 oum
336 1997 537 2062 ususfructus
553 1999 593 2060 ad
609 1999 795 2079 legatarium
810 2001 973 2082 pertinere
989 1999 1132 2066 desierit.

38 2090 80 2150 28
191 2085 378 2148 Ciuitatibus
400 2084 564 2163 omnibnS,
593 2103 673 2164 quae
702 2084 763 2147 sub
784 2086 916 2166 imperio
938 2088 1045 2168 populi
1064 2090 1191 2151 Romani

101 2182 194 2251 sunt,
214 2172 312 2252 legari
328 2180 445 2254 potest:
472 2170 570 2252 idque
585 2191 603 2232 a
619 2170 693 2232 diuo
708 2173 813 2234 Nerua
828 2172 1059 2252 introductum,
1084 2185 1190 2256 postea
1210 2187 1240 2232 ro

102 2280 119 2322 a
136 2267 251 2322 senatu
266 2268 390 2320 auctore
407 2257 563 2319 Hadriano
579 2256 764 2337 diligentius
780 2261 983 2320 constitutum
1000 2270 1060 2322 est.

38 2348 80 2406 99
189 2347 350 2424 Legatum,
370 2342 455 2424 quod
471 2341 579 2416 datum
592 2354 648 2420 est,
667 2342 764 2406 adimi
779 2354 882 2425 potest
898 2345 950 2407 uel
967 2345 1077 2407 eodem
1093 2354 1192 2408 testa-

102 2441 210 2492 mento
222 2431 275 2492 uel
285 2429 438 2492 codicillis
450 2439 636 2491 testamento
653 2430 855 2509 confirmatis,
874 2430 949 2494 dum
961 2441 1066 2494 tamen
1079 2432 1189 2494 eodem

102 2517 195 2580 modo
211 2515 381 2594 adimatur,
399 2535 461 2595 quo
477 2514 568 2576 modo
584 2515 693 2578 datum
709 2526 767 2578 est.

38 2606 79 2666 30
188 2602 239 2664 Ad
255 2602 402 2663 heredem
417 2602 560 2682 legatarii
582 2601 684 2682 legata
700 2621 762 2663 non
778 2603 871 2666 aliter
886 2611 1069 2682 transeunt,
1088 2605 1149 2666 nisi
1164 2605 1191 2666 si
1210 2617 1241 2661 25

39 2693 75 2752 3l
103 2691 166 2751 iam
183 2688 235 2749 die
251 2688 422 2768 legatorum
444 2686 577 2750 cedente
596 2688 765 2768 legatarius
780 2687 962 2750 decesserit.
995 2692 1188 2770 Legatorum,

103 2794 186 2856 quae
208 2793 288 2855 pure
303 2774 358 2836 uel
379 2775 411 2834 in
428 2773 512 2835 diem
534 2782 657 2836 eertum
674 2775 783 2835 relicta
806 2784 897 2853 sunt,
917 2773 986 2836 dies
1009 2774 1092 2836 cedit
1108 2777 1191 2836 anti-

102 2880 165 2942 quo
181 2859 312 2942 quidem
329 2860 398 2921 iure
414 2879 455 2921 ex
470 2861 580 2921 mortis
595 2861 753 2922 testatoris
769 2870 919 2940 tempore,
943 2880 1002 2941 per
1016 2861 1118 2940 legem
1134 2880 1192 2922 au-

103 2958 168 3010 tem
185 2947 314 3026 Papium
330 2947 502 3026 Poppaeam
524 2965 564 3008 ex
587 2947 705 3025 apertis
728 2944 843 3008 tabulis
858 2947 1063 3023 testamenti,
1082 2965 1190 3009 eorum

102 3052 191 3112 uero,
210 3051 292 3112 quae
308 3030 368 3092 sub
380 3031 561 3094 condicione
578 3031 686 3094 relicta
698 3042 784 3109 sunt,
803 3051 872 3093 cum
889 3031 1027 3094 condicio
1040 3034 1189 3094 extiterit.
1211 3047 1241 3091 ao

40 3121 82 3180 32
191 3121 256 3180 Lex
271 3111 405 3178 Falcidia
429 3117 516 3180 iubet
532 3137 595 3178 non
610 3118 683 3198 plus
705 3136 800 3198 quam
817 3116 1003 3179 dodrantem
1021 3120 1117 3181 totius
1134 3139 1191 3200 pa-

104 3205 246 3267 trimonii
262 3204 376 3284 legari,
402 3212 438 3264 ut
454 3205 538 3264 omni
561 3203 652 3264 modo
668 3203 829 3284 quadrans
853 3205 977 3284 integer
997 3205 1083 3285 apud
1098 3206 1192 3268 here-

40 3295 82 3353 33
104 3292 178 3353 dem
206 3298 379 3352 remaneat.
430 3293 615 3370 Legatorum
642 3309 812 3370 perperam
841 3291 1013 3352 solutorum
1046 3292 1192 3372 repetitio

105 3386 244 3440 nonest.

523 3602 534 3612 ν
544 3600 623 3612 ΙὛὫὛὟι
631 3599 715 3612 VJWV*
720 3600 945 3614 Mtvvvmlvvvvvws
952 3603 1152 3615 ‘'DlxNxleV'ssMl
1159 3603 1166 3614 Ι
1172 3604 1191 3615 Λ

178 3759 187 3803 4
212 3757 290 3818 ipsso
307 3754 339 3805 0⁸
364 3751 373 3819 f
405 3754 510 3817 elegati
526 3752 559 3804 Cb
572 3757 677 3815 (monuo
689 3757 794 3816 altero),
809 3755 895 3819 ligae*
908 3757 941 3807 0²
957 3753 967 3821 ll
990 3756 1052 3819 non]
1068 3770 1102 3806 ne
1115 3771 1165 3805 scr.
1186 3755 1193 3818 ll

107 3829 120 3873 t
141 3838 195 3874 non
209 3824 259 3872 del.
278 3821 407 3880 uoroeros,
422 3823 455 3884 cf.
473 3823 531 3872 Gai.
546 3829 572 3884 2,
587 3829 637 3876 245
661 3821 671 3891 ΙΙ
696 3829 709 3872 8
723 3824 775 3874 hoc
789 3825 850 3885 liro,
866 3839 914 3874 om.
933 3825 952 3876 G
974 3822 984 3890 ll
1007 3827 1134 3889 epartito
1149 3824 1168 3874 G
1184 3824 1194 3892 ΙΙ

108 3897 134 3940 44
161 3891 316 3957 appellatur
336 3894 363 3940 itt
384 3905 468 3941 uacuo
489 3895 573 3954 spatio
594 3906 610 3941 o
632 3892 651 3943 G
670 3894 759 3947 relicto
780 3895 865 3955 suppl.
887 3907 982 3942 monuo
1002 3907 1069 3943 saec.
1092 3894 1154 3942 XVI

109 3967 138 4011 43
158 3961 339 4012 substantiam
356 3960 375 4010 0
397 3957 407 4025 ΙΙ
432 3964 461 4008 44
476 3961 624 4025 plurimum
640 3961 659 4010 C
681 3958 691 4027 ΙΙ
715 3963 780 4012 item
793 3962 876 4021 llot'se,
892 3963 974 4011 idest
990 3961 1009 4011 G
1031 3958 1041 4027 Η
1064 3963 1169 4025 patisC

1185 3900 1194 3960 t

107 4029 230 4081 sinafoG
258 4026 268 4094 Η
299 4033 329 4077 to
349 4029 467 4093 quamG
494 4027 504 4096 ll
534 4034 564 4079 49
584 4029 676 4095 populi
691 4032 795 4080 romani
812 4030 941 4088 Cuiocius,
956 4030 1156 4093 praetorianiG
1184 3961 1195 4096 υ

108 4103 140 4216 ἐξ
159 4097 534 4232 ppgptrppplrplcpegatariumc
561 4095 571 4164 ΙΙ
601 4103 632 4147 29
651 4112 766 4163 popeam
784 4099 934 4162 (pompeam
947 4099 986 4161 co)
1006 4099 1157 4162 papeamC
1186 4105 1194 4167 Η
