2922 4898
302 313 534 373 33333131
690 348 776 360 -.
820 315 860 377 33
904 348 991 360 -
1447 307 1449 382 1

1448 419 1449 446 1

301 499 378 562 *ubi
392 521 506 582 corpus
521 502 583 564 iam
598 501 779 584 depositum
795 511 859 581 331,
883 502 972 565 aliud
986 522 1099 583 corpus
1114 501 1225 564 inferri
1240 521 1301 563 non
1317 521 1382 582 pc-
1447 507 1449 580 1

301 585 390 666 111331,
410 597 442 649 31
458 589 513 667 331
527 589 670 651 131313311
684 609 757 652 reus
771 589 932 669 sepulchri
949 589 1055 650 uiolati
1070 589 1222 668 postulari
1243 588 1382 669 potest*

243 673 280 732 111
300 673 360 744 Qui
375 673 513 736 alienum
529 685 683 738 mortuum
700 675 877 756 sepelierit,
897 676 924 736 si
940 677 973 736 13
989 673 1084 736 13333
1100 676 1167 736 eius
1182 673 1303 755 aliquid
1318 676 1383 735 im-

254 817 256 825 ,
300 758 457 838 penderit,
478 762 620 840 recipere
637 761 670 822 id
685 761 726 822 ab
741 761 857 822 herede
877 761 930 822 uel
945 779 962 821 3
977 768 1065 840 patre
1080 761 1166 822 uela
1182 759 1308 822 domino
1322 779 1382 840 po-

243 845 276 904 11
300 853 373 906 test.
420 844 568 908 *Maritus
590 847 624 908 id
645 847 729 927 quod
751 849 785 909 in
808 846 904 908 13333
927 847 1033 908 uxoris
1055 845 1211 926 impendit
1239 866 1279 908 ex
1308 845 1412 907 dotes

243 930 281 992 11
300 929 458 994 *retinere
484 941 598 1014 potest.
645 934 753 1013 Neque
781 933 864 998 iuxta
889 943 1126 994 monumentum
1152 951 1259 1012 neque
1285 951 1382 1012 supra

299 1014 558 1079 *monumentum
574 1017 737 1081 habitandi
754 1021 803 1081 ius
820 1029 883 1080 est:
903 1027 1020 1080 attactu
1031 1019 1116 1079 enim
1132 1019 1382 1081 conuersationis

299 1101 472 1165 *humanae
487 1103 646 1183 piaculum
662 1104 855 1166 admittitur:
881 1115 912 1165 et
927 1103 982 1184 qui
999 1113 1105 1164 contra
1122 1123 1159 1164 ea
1176 1103 1304 1183 iecerit,
1322 1123 1381 1184 pro
1441 1131 1449 1150 ι

299 1187 468 1268 *qualitate
494 1209 647 1270 personae
669 1191 721 1253 uel
750 1209 843 1271 opere
866 1189 993 1270 publico
1015 1190 1067 1251 uel
1090 1191 1185 1250 exilio
1215 1190 1378 1252 multatur.

241 1274 278 1334 l3
298 1273 466 1336 *Parentes
481 1285 513 1336 et
529 1275 585 1337 filii
602 1277 736 1337 maiores
756 1296 812 1338 333
827 1277 919 1337 33313
934 1294 1014 1336 3333
1029 1277 1130 1355 lugeri
1144 1285 1296 1356 possunt,
1320 1276 1382 1336 mi·
1401 1289 1428 1331 13

297 1359 409 1422 *nores
424 1379 555 1422 mense:
569 1365 698 1424 maritus
713 1361 823 1424 decom
838 1361 1002 1422 mensibus
1017 1369 1047 1423 ct
1068 1364 1190 1440 cognati
1206 1362 1383 1441 proximio-

298 1445 361 1508 *ris
377 1446 493 1526 gradus
509 1457 587 1508 octo.
626 1449 681 1528 qui
696 1456 801 1509 contra
817 1446 937 1527 feccrit,
956 1445 1120 1508 infamium
1135 1465 1267 1508 numero
1283 1447 1384 1509 habe-

240 1531 277 1590 11
298 1531 403 1593 *tur*
446 1534 506 1605 Qui
527 1534 630 1613 luget,
656 1533 816 1595 abstinere
846 1532 942 1595 debet
964 1552 981 1594 a
1003 1534 1158 1594 conuiuiis
1186 1535 1383 1594 ornamentis

240 1617 278 1677 15
298 1617 478 1699 *purpura*
494 1629 524 1680 ct
543 1620 613 1680 alba
628 1630 730 1681 33313.
765 1618 928 1699 Quidquid
942 1620 975 1680 in
996 1618 1091 1680 funus
1106 1628 1270 1699 erogatur,
1296 1621 1382 1680 inter

240 1704 350 1766 16333
372 1706 510 1766 alienum
531 1707 633 1785 primo
654 1707 720 1767 loco
742 1704 921 1766 deducitur.
961 1703 1115 1785 *Corpora
1137 1705 1382 1767 animaduerso-
1401 1718 1429 1762 13

297 1789 386 1854 *rum
403 1790 600 1871 quibuslibet
616 1791 799 1872 petentibus
814 1791 854 1854 ad
870 1792 1066 1871 sepulturam
1082 1790 1188 1853 danda
1203 1789 1315 1853 suut*

666 2049 778 2110 LIBER
800 2049 1001 2112 SECVNDVS

479 2183 500 2266 [r
545 2205 581 2246 ou
603 2205 689 2255 33333
712 2203 843 2248 33333313
866 2205 902 2246 33
919 2174 961 2246 Ι33
985 2185 1190 2267 1333333333]

246 2308 278 2364 11
332 2347 336 2356 ·
381 2304 556 2377 *Praesidio
572 2307 753 2387 prouinciae
770 2305 928 2386 officiales,
948 2297 1021 2388 quia
1036 2306 1183 2387 perpetui
1199 2317 1285 2386 suut,
1304 2326 1381 2370 mu·

245 2384 277 2451 lb
295 2389 399 2452 *tuam
415 2393 582 2472 pecuniam
599 2392 673 2454 dare
690 2402 721 2453 et
742 2391 905 2454 fenebrem
928 2411 1078 2454 33333333
1099 2402 1242 2473 possunt.
1284 2394 1381 2454 Prae·
1400 2406 1429 2450 33

296 2475 366 2538 *ses
393 2479 575 2558 prouinciae
605 2488 745 2541 mutuam
773 2479 940 2558 pecuniam
967 2477 1130 2540 fenebrem
1159 2497 1285 2540 sumere
1313 2497 1380 2540 non

259 2564 270 2623 1
295 2561 534 2642 *prohibetur*
576 2565 611 2624 ln
626 2565 818 2645 pecuniariis
833 2564 936 2626 causis
954 2565 980 2625 si
1003 2564 1083 2625 31133
1104 2583 1144 2624 ex
1164 2563 1381 2643 litigatoribus

295 2648 515 2712 iusiurandum
530 2649 670 2730 deierat,
688 2649 867 2712 audiendus
882 2660 945 2712 est:
970 2652 1027 2712 hoc
1043 2650 1127 2712 enim
1143 2659 1174 2710 et
1189 2649 1381 2730 compendio

257 2737 275 2798 2
294 2735 397 2798 litium
414 2737 628 2816 313333113113
650 2737 769 2798 3311333
784 2737 947 2818 prouisum
963 2746 1022 2798 est.
1061 2734 1190 2797 Delerre
1212 2737 1379 2798 iusiurau·
1448 2769 1449 2804 2

294 2821 371 2884 dum
386 2823 474 2902 prior
484 2833 570 2884 actor
584 2827 703 2903 potest:
722 2822 910 2884 contrarium
925 2830 1032 2884 autem
1046 2820 1086 2883 de
1102 2821 1258 2884 calumnia
1272 2822 1379 2884 iusiu-
1398 2835 1428 2882 13

256 2908 274 2968 3
295 2907 428 2970 randum
451 2928 505 2970 333
527 2909 687 2990 competit.
727 2909 778 2986 Si,
803 2926 878 2970 3333
898 2927 970 2970 cum
985 2908 1090 2970 iurare
1105 2907 1200 2985 uelit,
1223 2916 1311 2970 actor
1327 2909 1378 2970 illi
1448 2929 1449 2932 ¹

292 3061 418 3074 mm
423 3061 434 3071 Α
437 3061 483 3074 &Arx
486 3061 659 3074 WAAAAAAM
662 3062 674 3073 (x
678 3059 1366 3074 ΑΜΛΛΛΛΛΛΛΛΑΛΜΝΧΝΧΛΝΧΛΛΑΝΧΑΛΙΨΛΛΛΜΙΧΛΙἋΛΝΝ

363 3151 519 3208 31,11-13
539 3161 573 3196 333
589 3149 723 3198 1333311333
740 3149 872 3210 suppletae
890 3153 951 3198 3331
972 3145 1080 3210 (0313311
1100 3148 1207 3198 Obiere.
1228 3148 1327 3210 21131
1346 3133 1378 3214 'll
1427 3123 1449 3200 ,1

214 3215 217 3219 ·
294 3216 643 3279 3313333333
681 3217 691 3278 n
725 3213 1107 3288 r,r2.tb=ui9.ts,r,ai

291 3349 343 3364 m
348 3349 357 3362 ιό
363 3351 372 3362 kv
378 3348 430 3362 ὶΛΛΛ
679 3349 818 3366 vvvvwvmt
823 3351 879 3364 WW
885 3350 1369 3365 WWMJXAAMIWXMAMAAVWIMAM

362 3442 375 3486 3
396 3435 453 3501 §iu
473 3439 518 3487 boc
531 3438 584 3486 ioco
597 3438 702 3488 collocat
718 3439 883 3498 Veientibus,
902 3435 988 3501 33311
1007 3442 1037 3487 13
1056 3439 1182 3489 3311333311
1199 3439 1338 3503 Wisipctlti
1366 3437 1377 3506 11

294 3507 307 3554 1
326 3505 360 3556 ab
374 3507 410 3568 Μ,
425 3504 479 3556 hab
492 3507 556 3556 ecl
589 3505 600 3568 11
635 3509 664 3554 lo
684 3505 739 3570 sex]
754 3506 849 3557 decem
862 3507 988 3568 Huschke,
1001 3507 1034 3570 31.
1053 3507 1168 3558 Vatari
1205 3507 1216 3571 11
1252 3509 1376 3558 minores
1448 3551 1449 3558 ,

293 3575 395 3638 meuse]
409 3576 472 3624 baec
484 3579 608 3636 33133313
619 3588 674 3625 3333
685 3577 774 3626 docem
789 3577 844 3627 Vct.
860 3579 905 3626 331
918 3595 924 3626 :
943 3587 1007 3626 cum
1019 3577 1138 3626 minores
1149 3575 1229 3626 liberi
1242 3578 1283 3626 toi
1294 3589 1375 3627 men—

292 3643 369 3694 sibus
381 3644 533 3708 elugentur,
547 3646 613 3707 quot
625 3657 759 3694 annorum
771 3645 947 3705 decesserint,
961 3658 1048 3708 usque
1061 3645 1095 3694 ad
1106 3647 1260 3695 trimatum:
1282 3646 1375 3697 minor

291 3714 373 3763 trimo
391 3726 446 3764 333
464 3713 580 3776 lugetur,
599 3713 646 3763 sed
665 3712 838 3778 sublugetur:
860 3715 950 3763 minor
966 3726 1037 3764 3333
1055 3725 1143 3777 neque
1160 3713 1269 3777 lugetur
1283 3727 1374 3778 33333

292 3782 451 3846 3331333133
479 3781 490 3844 ΙΙ
521 3785 551 3830 13
571 3784 597 3831 31
609 3795 624 3831 3
636 3783 772 3833 conuiuiis
783 3785 810 3832 31
821 3783 1019 3832 ornamentisL
1048 3781 1059 3844 l
1090 3785 1118 3830 11
1138 3796 1259 3848 purpura
1277 3784 1375 3834 Vereu-

291 3855 436 3910 11333333,
455 3851 590 3914 Wiripoibi
611 3849 623 3914 11
647 3853 678 3899 ai
694 3853 864 3915 paragrapho
876 3855 886 3899 1
901 3853 930 3900 13
942 3851 1084 3902 basileensi
1098 3851 1117 3902 C
1130 3851 1189 3900 1111
1207 3853 1373 3915 3311133333-

291 3925 335 3970 tur
346 3923 374 3969 iu
386 3921 489 3970 modum
500 3911 620 3970 33111333
631 3921 693 3970 baec
711 3921 745 3970 dc
763 3919 856 3970 dubiis
872 3919 955 3970 rebus
972 3919 1061 3970 solum
1078 3921 1169 3970 iurare
1186 3919 1287 3970 debere
1306 3925 1331 3970 31
1344 3925 1372 3971 iu

289 3989 394 4038 modom
404 3989 619 4038 33313311331333
630 3990 676 4052 qui
688 3991 831 4053 suspectus
843 3989 952 4050 dicitur,
971 4001 1034 4038 cum
1053 3988 1127 4040 nulla
1145 3989 1246 4039 3331133
1262 3991 1373 4054 petitori

291 4058 319 4105 in
330 4071 363 4107 eo
375 4059 544 4122 exprimitur,
558 4058 605 4121 qui
617 4057 781 4107 calumniam
793 4071 822 4108 33
833 4058 889 4121 peti
900 4057 981 4108 dicit:
995 4069 1061 4119 price
1073 4070 1107 4108 33
1115 4059 1372 4119 interpretationibus

290 4123 317 4188 §§
331 4128 355 4174 1.
370 4129 385 4174 3
399 4131 522 4186 corrupta
534 4139 588 4175 3333
597 4127 687 4186 pulum
699 4131 736 4176 331
759 4127 769 4189 ΙΙ
793 4131 825 4175 33
844 4127 974 4190 competit
984 4127 1021 4187 M,
1034 4127 1200 4191 competetl
