2926 4888
661 300 981 362 ——162—

551 557 786 620 FRAGMENTA
808 557 860 620 DE
883 559 973 620 IVRE
995 557 1092 619 FlSCl

412 685 580 756 Fragmenta
596 685 724 740 Veronae
748 686 777 739 in
799 681 973 739 bibliotheca
989 682 1138 753 capitulari
1154 683 1314 751 adseruata,

325 788 400 843 quae
424 776 543 842 propter
564 778 765 848 argumentum
786 768 873 826 bodie
895 771 929 825 de
944 771 1005 824 iure
1017 770 1079 841 fisci
1093 768 1239 838 dicuutur,
1266 772 1318 825 etsi

327 859 363 914 de
378 857 459 914 titulo
475 856 555 913 etde
571 860 688 912 auctore
703 854 779 920 libri,
799 857 882 912 cuins
897 871 931 911 ea
947 855 1015 912 olim
1029 861 1140 925 partem
1157 855 1314 924 effecerint,

326 950 438 1000 certum
460 943 597 999 indicium
619 948 695 997 extat
718 941 847 1010 nullum,
881 939 1069 1011 probabiliter
1091 947 1211 1013 propter
1232 957 1319 1011 argu-

327 1039 456 1085 mentum
478 1028 633 1084 iuridicum
648 1032 676 1083 et
691 1034 811 1098 propter
826 1021 970 1084 sermonis
985 1027 1106 1082 formam
1121 1027 1157 1082 ad
1172 1027 1319 1084 saeculum

327 1116 352 1171 ll
367 1121 527 1171 extremum
542 1114 590 1169 nel
605 1114 643 1169 lll
658 1129 688 1184 p.
707 1113 773 1170 Chr.
793 1130 823 1170 n.
842 1113 1018 1181 releruntur‚
1044 1115 1069 1168 si
1091 1112 1120 1168 id
1138 1120 1253 1184 tempus
1269 1128 1319 1167 ex-

327 1204 426 1272 cipias,
453 1216 513 1271 quo
528 1201 686 1272 imperante
701 1198 842 1256 Caracalla
857 1201 902 1254 ius
918 1203 1032 1269 patrum
1047 1201 1078 1255 in
1092 1199 1210 1255 caducis
1225 1197 1321 1254 uindi-

328 1287 427 1344 caudis
446 1279 535 1361 (quod
551 1281 582 1342 in
597 1283 612 1357 §
629 1289 645 1341 3
662 1279 835 1360 agnoscitur)
855 1301 913 1342 non
927 1283 1043 1355 uigebat
1066 1277 1139 1360 (le.
1162 1289 1210 1350 li,
1232 1291 1260 1353 i,
1279 1285 1316 1341 cl.

328 1375 381 1429 Dio
397 1373 474 1428 Cass
496 1375 546 1440 78,
569 1376 603 1428 tt
622 1371 771 1442 Capitolin.
791 1374 821 1426 in
835 1372 961 1427 Macrino
981 1365 1027 1446 l3)
1040 1362 1076 1446 ¹).

415 1459 583 1529 Fragmenta
604 1459 676 1530 ipsa,
703 1473 778 1528 quae
799 1459 925 1529 primum
941 1472 996 1513 una
1012 1472 1079 1512 oum
1094 1456 1146 1512 Gai
1162 1457 1321 1512 iustitutio-

328 1543 414 1601 nibus
436 1560 463 1600 a.
486 1549 564 1602 l820
589 1541 698 1613 publici
719 1545 791 1599 iuris
814 1544 886 1599 lacta
909 1549 990 1611 suut,
1017 1542 1132 1599 duobus
1154 1543 1229 1598 loliis
1252 1557 1322 1598 cou-

329 1635 414 1699 stant,
434 1645 510 1702 quae
526 1629 594 1686 olim
608 1629 701 1686 codici
717 1629 856 1700 rescripto
871 1630 1104 1700 Hieronymiauo‚
1131 1631 1214 1684 cuius
1229 1625 1321 1699 scrip-

330 1721 395 1772 tura
409 1719 526 1786 antiqua
542 1715 645 1771 Gaium
660 1717 797 1782 continet,
823 1716 982 1785 tegumenti
1002 1715 1065 1772 loco
1085 1714 1222 1770 uidentur
1236 1730 1322 1784 prae-

329 1803 415 1859 missa
438 1802 538 1858 luisse.
577 1801 656 1872 quod
679 1816 738 1872 quo
760 1802 939 1858 commodius
954 1801 1047 1871 lieret,
1073 1799 1237 1872 bibliopega
1252 1800 1322 1855 baec

331 1889 397 1944 lolia
411 1890 450 1944 ita
465 1888 634 1957 amputauit,
656 1891 688 1943 ut
702 1890 845 1957 margines
859 1889 1024 1956 superiores
1039 1893 1068 1942 et
1083 1889 1243 1944 exteriores
1257 1902 1322 1942 cum

330 1969 411 2047 pa'rte
433 1974 593 2044 scripturae
615 1973 768 2029 recideret.
815 1987 910 2043 neque
933 1973 1006 2029 hano
1028 1971 1123 2029 labem
1145 1973 1236 2029 solam
1257 1971 1321 2028 lolia

330 2060 376 2116 illa
393 2065 606 2128 contraxerunt,
632 2058 683 2116 sed
706 2061 814 2116 sensim
835 2059 1101 2130 pedetemptimque
1123 2075 1179 2114 usu
1201 2058 1322 2114 lacerata

331 2151 375 2202 est
398 2146 515 2201 dextera
531 2161 599 2217 pars
613 2147 766 2216 utriusque
781 2145 840 2200 lolii
856 2147 961 2202 summi
976 2151 1004 2200 et
1020 2152 1171 2215 praeterea
1186 2145 1323 2200 foramina

332 2239 360 2287 et
388 2232 477 2287 rimae
506 2233 535 2286 in
561 2231 665 2286 mediis
686 2229 863 2288 membranis
884 2239 964 2287 ortae
986 2233 1147 2302 scripturae
1170 2230 1324 2300 particulas

330 2314 521 2376 abstulerunt.
555 2333 589 2373 eo
605 2323 735 2388 tempore
750 2332 809 2386 quo
826 2317 891 2373 lolia
906 2319 1102 2384 innotuerunt,
1122 2319 1265 2387 margines
1279 2319 1323 2371 in-

332 2404 453 2458 teriores
469 2402 592 2458 duorum
608 2402 741 2462 loliorum
757 2404 864 2473 glutine
879 2409 1045 2473 compactae
1062 2403 1159 2458 luere:
1179 2399 1324 2458 membra-

331 2505 386 2544 nae
409 2495 505 2544 autem
528 2490 606 2558 ipsae
628 2504 699 2544 num
721 2490 853 2558 primitus
875 2491 914 2545 ita
936 2491 1011 2545 inter
1029 2505 1060 2544 se
1076 2489 1267 2551 cohaeserint,
1294 2493 1323 2543 ut

331 2591 421 2631 unum
444 2591 496 2646 par
518 2574 651 2631 loliorum
673 2575 830 2645 allicerent,
857 2575 1042 2645 eundemque
1065 2575 1196 2630 ordinem
1213 2573 1323 2630 habue-

331 2664 399 2729 rint,
425 2677 483 2736 quo
499 2667 600 2730 postea
615 2661 807 2731 conglutinata
823 2668 852 2717 et·
867 2661 922 2716 hoc
937 2661 1052 2717 saeculo
1068 2661 1144 2722 edita
1164 2667 1242 2730 snut,
1269 2659 1323 2716 diei

331 2763 389 2803 non
412 2753 522 2817 potest:
556 2752 634 2802 certe
664 2749 794 2802 nent-rius
818 2747 876 2802 lolii
898 2747 979 2802 initio
1002 2747 1119 2803 alterius
1140 2753 1252 2816 partem
1274 2762 1324 2800 ex-

332 2841 453 2889 tremam
475 2833 635 2889 continuari
656 2833 838 2889 manifestum
860 2839 915 2888 est.
961 2833 1088 2904 singulae
1109 2837 1229 2903 paginae
1251 2829 1324 2887 binis

333 2919 474 2975 columnis
489 2926 620 2974 exaratae
636 2925 713 2974 sunt.
739 2923 810 2988 quot
824 2924 920 2974 antem
937 2933 1039 2975 uersus
1054 2921 1083 2974 iu
1097 2921 1324 2987 uniuscuiusque
1436 2989 1437 3000 ἵ

332 3007 453 3075 paginae
476 3004 570 3060 lroute
592 3006 675 3061 recisi
698 3006 764 3073 siut,
790 3020 848 3061 non
864 3010 986 3061 constat.
1026 3008 1112 3061 unius
1127 3011 1206 3060 certe
1223 3019 1324 3060 uersus
1427 3001 1437 3036 ²

331 3093 484 3146 maximam
499 3096 610 3160 partem
624 3093 710 3146 recisi
724 3092 845 3161 uestigia
859 3092 888 3145 in
903 3090 993 3147 altero
1009 3091 1076 3146 lolio
1089 3097 1229 3161 apparent
1239 3106 1325 3161 supra

332 3178 442 3247 primae
457 3181 486 3231 et
500 3185 620 3247 quartae
634 3178 784 3232 columnae
800 3177 959 3232 uersiculos
973 3179 1083 3247 primos
1098 3192 1149 3233 eos
1171 3180 1222 3247 quai
1239 3177 1325 3232 hodie

334 3265 385 3318 toti
396 3262 451 3332 legi
462 3268 593 3332 possunt,
609 3268 640 3318 ut
651 3269 762 3318 constet
773 3263 899 3332 singulas
910 3265 1027 3333 paginas
1038 3263 1085 3318 uel
1094 3262 1325 3319 columnasXXV

333 3349 484 3402 minimum
497 3363 601 3405 uersus
623 3349 787 3418 complexas
809 3365 884 3405 esse.
920 3356 1070 3418 praeterea
1085 3365 1150 3404 cum
1166 3365 1202 3404 ex
1217 3348 1326 3406 ambitu
1435 3363 1436 3366 ¹

334 3435 494 3502 scripturae
515 3448 590 3503 quae
614 3433 700 3489 hodie
723 3440 799 3490 extat
821 3436 942 3491 formam
959 3435 1066 3492 codicis
1081 3437 1184 3505 integri
1199 3435 1326 3505 quadra-

334 3527 392 3574 tam
407 3521 498 3588 magis
513 3535 600 3589 qnam
615 3517 768 3592 oblongam
784 3520 872 3576 luisse
887 3518 1038 3591 probabile
1053 3523 1100 3588 sit,
1125 3536 1183 3576 non
1206 3520 1327 3591 amplius
1435 3531 1436 3538 ’

334 3621 422 3676 quam
443 3602 527 3660 binos
548 3604 596 3660 uel
618 3611 718 3662 ternos
740 3622 843 3662 uersus
865 3605 993 3662 abscisos
1015 3623 1080 3664 esse
1096 3599 1235 3674 conicias,
1263 3623 1326 3663 cum

335 3692 505 3762 praesertim
520 3707 563 3760 ea,
590 3707 664 3761 quae
686 3693 714 3746 in
737 3694 821 3748 tertia
843 3692 903 3756 lolii
918 3693 1037 3748 secundi
1052 3693 1185 3750 columna
1200 3699 1325 3748 extrema

335 3777 478 3847 leguntur,
505 3778 572 3833 licet
594 3792 652 3833 non
674 3779 878 3834 continuentur
900 3781 941 3834 eis
963 3794 1039 3848 quae
1061 3781 1091 3834 in
1113 3778 1245 3835 eiusdem
1269 3778 1326 3834 lolii
1433 3763 1435 3778 ⁴

294 3943 341 3957 Μ

362 4045 380 4110 ¹)
407 4046 534 4097 Pluribus
555 4046 589 4096 de
607 4050 719 4097 auctore
736 4046 948 4108 fragmentorum
970 4047 1178 4112 disputauerunt
1192 4048 1326 4112 Boeclring
1341 4048 1365 4097 et

293 4115 420 4166 Huschke
433 4116 460 4165 in
472 4113 683 4180 praelationibus
694 4116 844 4166 editionum
857 4116 891 4166 ab
904 4117 969 4182 ipsis
980 4119 1146 4167 curetarum.
