2922 4898
485 347 785 410 ...43.....

92 548 163 599 ante
182 539 212 616 l,
231 536 261 616 7,
283 540 313 599 i.
333 539 363 616 2,
385 537 458 615 l,5.
478 539 508 615 2,
529 539 558 610 t,
574 538 604 598 3.
625 539 656 614 2,
676 539 727 616 l3,
744 540 772 598 i.
792 539 822 616 3,
842 539 872 618 t,
890 539 953 601 42*.
972 539 1003 616 3,
1022 539 1052 616 t,
1071 539 1121 598 ti.
1140 538 1178 615 5,

92 625 143 702 22,
163 625 181 685 2
194 645 200 684 :
225 633 392 704 praeterea
405 623 650 703 wisigothorum
665 625 758 705 culpa
772 625 918 686 effectum
932 635 998 703 est,
1016 635 1051 688 ut
1067 623 1176 686 rubri·
1213 701 1216 706 1

90 729 144 770 cae
168 711 204 788 2,
225 710 265 770 30
283 719 315 772 et
330 713 367 788 5,
388 709 444 788 tc,
469 727 551 790 quac
572 711 728 789 genuinae
751 729 820 772 esse
841 709 1012 785 uidentur,
1037 712 1070 771 in
1093 713 1174 790 Lege

89 797 229 856 Romana
245 796 413 857 sententiis
428 795 529 857 alieno
544 814 674 876 prorsus
685 806 871 876 argumento
888 795 1065 876 insignibus
1079 815 1175 876 prae-

90 883 307 943 mitterentur.
338 899 419 962 quae
440 900 511 942 cum
534 882 577 942 ita
599 883 663 942 sint
683 900 789 962 neque
805 883 938 964 pristina
954 883 1039 944 Pauli
1059 881 1174 944 diuisio

89 977 175 1028 certo
200 968 324 1029 restitui
339 969 454 1048 possit,
479 977 609 1047 propter
624 968 781 1047 allegandi
803 969 969 1030 utilitatem
986 987 1059 1029 eam
1075 967 1176 1028 libro-

89 1072 161 1115 rum
185 1054 219 1115 in
234 1051 565 1126 titulos-diuisionem,
584 1072 664 1132 quae
681 1054 842 1134 hucusque
857 1073 917 1134 per
932 1053 1086 1116 editiones
1100 1073 1175 1136 pro-

88 1148 204 1220 pagata
215 1148 273 1217 est,
292 1139 499 1200 retinuimus:
517 1138 717 1201 rubricarum
729 1158 810 1220 quac
822 1139 1054 1202 interciderunt
1065 1139 1173 1202 sedem

87 1244 190 1287 uacuo
211 1225 311 1305 spatio
334 1222 544 1286 iudicauimus
566 1243 672 1305 neque
695 1245 822 1305 carum,
849 1244 928 1306 quas
949 1224 1085 1288 editores
1099 1245 1174 1305 pro-

88 1313 159 1391 prio
175 1313 274 1372 Marte
290 1312 506 1390 restituerant,
523 1311 585 1371 nisi
600 1330 770 1374 numerum
786 1312 995 1374 seruauimus.

177 1395 268 1469 Quod
285 1395 325 1457 ad
341 1395 580 1458 fundamentum
598 1397 741 1459 criticum
759 1399 887 1477 attinet,
907 1417 968 1478 quo
984 1399 1063 1460 haec
1078 1397 1174 1460 editio

88 1483 220 1544 nititur:
259 1483 350 1562 Legis
371 1482 500 1562 quidem
528 1485 683 1544 Romanae
706 1484 950 1564 Wisigothorum
979 1503 1049 1546 cum
1078 1484 1174 1546 editio

87 1578 245 1650 apparatu
261 1570 368 1629 critico
384 1569 537 1630 instructa
547 1587 610 1630 non
627 1579 722 1647 extet,
741 1569 882 1631 adhunc
898 1568 1056 1631 deiectum
1073 1589 1175 1631 remc-

87 1653 234 1717 uendum
249 1673 290 1715 ne
312 1655 366 1716 illa
382 1653 513 1734 quidem
533 1654 677 1735 supellex
692 1657 801 1717 critica
824 1654 956 1734 sufficit,
981 1674 1075 1736 quarn
1092 1657 1174 1717 llae-

88 1741 140 1802 nel
157 1740 200 1801 ad
210 1739 356 1802 Arndtsii
369 1739 540 1802 editionem
557 1743 712 1820 congessit
722 1742 758 1820 ¹),
778 1743 809 1802 in
822 1760 885 1821 qua
895 1751 940 1802 tot
951 1761 1077 1804 errores
1089 1759 1175 1804 com-

88 1828 179 1887 missi
196 1835 228 1887 et
242 1836 289 1888 tot
303 1827 453 1888 lectiones
465 1826 505 1887 ab
518 1826 659 1889 Arndtsii
672 1836 761 1889 textu
772 1827 933 1889 uariantes
943 1828 1076 1889 omissae
1088 1837 1172 1905 sunt,

89 1923 125 1974 ut
137 1912 178 1974 de
191 1911 253 1974 fide
265 1913 335 1974 eius
345 1913 551 1992 supellectilis
563 1932 676 1994 parum
688 1923 818 1975 constet.
842 1915 948 1993 itaque
960 1913 999 1974 ad
1012 1914 1093 1974 banc
1105 1913 1176 1974 edi-

89 1997 186 2060 tionis
201 2009 324 2078 partcm
340 2017 457 2059 nouum
474 1996 716 2060 fundamentum
733 1994 909 2060 iaciendum
927 2009 1004 2061 erat.
1041 2009 1072 2061 et
1088 2009 1175 2081 post-

90 2103 187 2163 quam
195 2083 529 2146 CodicisTbeodosiani
537 2085 885 2165 EpitomaWisigothica
899 2084 1028 2148 edoctus
1040 2105 1109 2148 sum
1116 2088 1175 2146 Le-

91 2169 139 2250 gis
148 2172 305 2232 Romanae
317 2169 441 2232 codices
450 2171 482 2231 in
491 2169 570 2233 duas
578 2172 694 2232 classes
702 2170 878 2250 discedere,
891 2174 923 2232 iu
933 2189 1067 2251 quarum
1076 2173 1175 2233 altera

90 2255 192 2318 codex
206 2257 401 2318 Monacensis
422 2257 447 2316 D
465 2258 483 2317 2
506 2255 606 2337 (nohis
621 2256 664 2337 Ml
684 2259 800 2318 saeculi
823 2256 889 2319 iere
906 2259 957 2318 Vll
974 2268 1005 2319 et
1025 2269 1128 2320 aetate
1145 2269 1175 2318 et

91 2343 275 2422 integritate
290 2343 427 2421 primum
449 2343 550 2404 locum
566 2342 702 2420 obtinet,
727 2345 758 2403 in
775 2344 873 2405 altera
890 2345 1076 2406 Parisicnsis
1093 2345 1173 2406 lica

95 2427 197 2508 [nobis
209 2427 242 2508 L)
262 2429 380 2490 saeculi
391 2428 456 2489 Vlll
471 2428 525 2490 uel
537 2429 587 2507 lX,
606 2429 647 2490 ad
663 2429 719 2490 hos
734 2429 813 2491 duos
829 2429 952 2492 codices
967 2451 984 2492 a
1001 2450 1050 2492 me
1063 2449 1177 2492 excus-

90 2513 170 2594 sos2)
192 2514 278 2576 Pauli
289 2515 485 2593 Wisigothici
502 2524 683 2577 contextum
700 2513 767 2576 iere
783 2517 924 2578 restitui:
943 2526 1074 2597 apparet
1090 2518 1174 2578 enim

91 2601 232 2680 reliquos
260 2598 384 2661 codices
410 2599 509 2679 (nobis
536 2601 640 2679 dett),
673 2599 729 2662 ubi
752 2600 792 2662 eh
814 2602 876 2663 illis
898 2600 989 2664 libris
1016 2603 1176 2683 primariis

91 2686 294 2766 discrepent,
317 2687 476 2747 rarissime
491 2705 605 2749 uerum
621 2687 866 2767 Wisigotborum
888 2697 1010 2750 textum
1033 2707 1176 2750 seruasse

92 2783 124 2833 et
144 2773 202 2834 uix
223 2772 319 2834 ullam
341 2791 410 2833 csse
438 2773 601 2834 lectionem
624 2774 656 2833 in
679 2774 729 2834 bis
750 2783 924 2852 seruatam,
949 2792 1030 2853 quac
1050 2793 1113 2835 non
1136 2795 1176 2836 ex

91 2857 244 2919 mendosa
265 2859 389 2920 illorum
411 2859 545 2920 lectione
565 2857 649 2920 facili
673 2861 852 2921 coniectura
879 2859 1002 2921 restitui
1024 2862 1173 2940 potuerit.

91 2946 126 3005 in
147 2943 349 3005 adnotatione
371 2945 480 3005 critica
494 2945 620 3025 plenam
640 2945 783 3006 codicum
798 2947 834 3008 M
845 2955 876 3006 et
891 2948 915 3006 L
930 2944 1175 3027 discrepantiam

91 3049 156 3092 non
172 3029 313 3107 exhibui,
332 3031 453 3111 quippe
468 3048 549 3109 quae
565 3050 627 3092 non
644 3033 677 3091 in
693 3031 778 3092 Pauli
795 3031 852 3092 sed
869 3032 901 3092 in
917 3031 1007 3112 Legis
1018 3031 1175 3094 Romanae

92 3115 232 3178 editione
242 3115 460 3177 desideretur:
479 3115 634 3198 adscripsi
646 3127 750 3178 tamen
766 3118 871 3178 uarias
887 3118 1037 3180 lectiones
1052 3118 1093 3179 ad
1108 3138 1176 3180 cm-

89 3221 148 3264 nes
162 3202 318 3280 eoslccos,
338 3203 371 3262 in
383 3200 501 3281 quibus
512 3201 552 3263 ab
564 3204 733 3282 utriusque
745 3203 861 3264 codicis
872 3203 1040 3265 traditione
1057 3207 1175 3268 recessi

90 3299 122 3349 et
144 3288 323 3366 singulares
345 3289 579 3350 alteriusutrius
602 3288 718 3349 codicis
741 3290 892 3352 lectiones
913 3309 983 3369 eae,
1008 3307 1089 3370 quae
1104 3292 1174 3353 ueri

88 3375 197 3453 aliqua
213 3376 318 3453 specie
334 3375 392 3434 niti
407 3373 605 3436 uiderentur.

177 3461 294 3521 Earum
312 3470 417 3522 autem
439 3461 687 3538 sententiarum,
713 3478 794 3539 quae
812 3461 974 3542 Epitomae
997 3481 1036 3523 ex
1053 3463 1175 3544 integro

93 3633 141 3644 ilum
339 3631 931 3645 ΑΛΝννκΛΝκΛΙᾺΛΛωννᾺΜνννννννκΝ-κΛΛΑΧΛΛΛ
943 3633 1026 3646 ιΑΛΛΛ-
1048 3636 1053 3644 t
1068 3637 1077 3646 *s
1102 3635 1107 3645 ἰ
1123 3635 1164 3646 mn·

160 3750 177 3816 ¹)
199 3751 322 3802 varietas
340 3753 490 3816 scripturae
509 3765 542 3802 ex
559 3750 644 3802 Paulli
661 3767 677 3802 a
694 3752 841 3816 visigothis
860 3754 998 3818 epitomati
1017 3753 1171 3804 codicibus:

89 3819 199 3884 collegit
217 3821 352 3870 Gustavus
365 3819 476 3871 llaenel.
496 3821 607 3871 Bonnae
621 3824 686 3871 istit
709 3820 751 3884 (ci.
767 3822 872 3886 Corpus
885 3823 953 3872 iuris
966 3823 1077 3873 Romani
1090 3824 1174 3872 Aute-

88 3889 229 3940 iustiniani
241 3889 383 3940 Bonnense
395 3890 405 3938 l
417 3903 446 3954 p.
459 3893 472 3938 t
477 3893 507 3939 ot
518 3891 600 3954 eqd).

156 3955 175 4020 ἵ)
197 3957 327 4008 Codicem
346 3957 526 4008 parisiensem
545 3961 611 4009 stoc
631 3961 684 4009 iem
704 3959 769 4010 olim
788 3958 922 4009 Henricus
940 3958 1106 4022 Degenkolb,
1126 3961 1172 4023 qui

88 4031 143 4077 tum
163 4026 241 4078 Pauli
260 4026 407 4077 editionem
426 4026 554 4091 parabat,
579 4027 731 4078 contulerat
748 4040 862 4091 eamque
881 4027 1054 4077 collationem
1074 4027 1171 4078 edendi

87 4095 201 4147 consilio
226 4095 350 4159 deposito
374 4095 446 4145 ultro
467 4096 534 4145 mihi
552 4095 662 4147 obtulit:
689 4111 742 4160 qua
761 4099 788 4146 in
807 4096 903 4146 codice
920 4095 1011 4145 denuo
1029 4097 1171 4148 tractando

85 4168 187 4232 optime
198 4165 312 4215 adiutus
323 4177 394 4214 sum.
