2926 4888
525 405 610 414 ...-
654 371 694 432 69
739 405 824 415 ...-
974 371 1048 421 Paul.
1064 371 1096 433 ll,
1112 374 1212 421 tl-le

67 560 108 618 tt
127 560 222 620 *sit*
260 559 366 620 Eleeto
388 577 441 620 reo
457 559 624 639 principali
640 558 806 621 fideiussor
828 558 880 621 uel
895 559 988 620 heres
1004 561 1081 622 eius
1094 559 1213 622 libere-

128 655 193 706 tur.
234 663 297 706 non
314 644 393 705 idem
408 646 441 706 in
457 643 696 706 mandatoribus
709 644 908 706 obseruatur.

399 833 481 914 [nrm
523 851 560 892 nr
584 851 699 894 coemo
722 853 758 893 nr
780 832 946 914 cosniero]

90 954 105 1013 l
219 955 315 1016 Homo
327 951 419 1030 liber,
439 953 494 1032 qui
505 961 619 1014 statum
636 971 728 1014 suum
740 953 773 1014 in
785 961 939 1034 potestate
956 952 1060 1032 habet,
1080 963 1112 1016 et
1123 955 1212 1033 peio-

134 1059 196 1101 rem
213 1059 286 1102 eum
303 1047 334 1100 et
356 1039 517 1099 meliorem
533 1035 636 1100 lacere
658 1047 778 1119 potest:
803 1048 898 1118 atque
922 1038 991 1100 ideo
1006 1058 1118 1120 operas
1140 1053 1245 1102 suast

88 1126 267 1188 2diurnas
286 1134 519 1203 nocturnasque
541 1124 632 1185 locat.
678 1123 779 1185 Fundi
807 1122 974 1186 deterioris
994 1123 1068 1186 iacti
1092 1136 1123 1187 et
1144 1126 1213 1187 eul-

132 1221 223 1274 turae
247 1231 310 1273 non
337 1211 527 1272 exercitatae
556 1220 587 1271 et
602 1208 817 1272 aedificiorum
833 1229 895 1271 non
918 1210 1104 1272 refectorum
1121 1211 1213 1292 culpa

87 1297 111 1358 3
132 1298 266 1359 arbitrio
288 1296 402 1358 iudicis
418 1295 543 1357 domino
565 1295 786 1358 aconductore
802 1297 915 1358 sarciri
936 1305 1050 1377 potest.
1089 1297 1213 1358 *Domi-

131 1383 212 1446 *nus
235 1385 418 1444 horreorum
441 1382 579 1444 effractis
600 1391 631 1444 et
654 1381 830 1462 compilatis
851 1381 971 1444 horreis
987 1401 1049 1444 non
1072 1392 1210 1461 tenetur,

130 1469 213 1531 *nisi
234 1468 408 1532 custodiam
432 1487 541 1530 eorum
562 1469 699 1547 recepit:
725 1470 812 1530 serui
833 1477 938 1530 tamen
961 1470 1030 1530 eius
1050 1489 1121 1530 cum
1151 1487 1213 1548 quo
1232 1480 1262 1524 to

129 1555 344 1617 *contractum
363 1562 411 1615 est
428 1564 560 1633 propter
569 1552 783 1616 aedificiorum
795 1556 937 1616 notitiam
953 1555 985 1616 in
998 1557 1213 1636 quaestionem

91 1643 111 1702 l
129 1642 217 1722 *peti
233 1650 375 1722 possunt.
413 1641 447 1700 ln
464 1639 618 1701 conducto
633 1638 730 1702 fundo
746 1642 772 1701 si
788 1634 957 1702 conductor
972 1659 1028 1703 sua
1044 1660 1139 1721 opera
1154 1641 1214 1702 ali-

129 1727 229 1807 *quid
244 1727 421 1790 necessario
441 1726 494 1787 uel
509 1726 631 1786 utiliter
646 1726 770 1788 auxerit
792 1727 844 1789 uel
858 1725 1074 1788 aedilieauerit
1095 1727 1147 1788 uel
1163 1728 1213 1788 in-

129 1814 307 1892 *stituerit‚
333 1832 404 1873 cum
427 1811 461 1873 id
482 1830 543 1872 non
566 1812 784 1889 conuenisset,
808 1812 849 1873 ad
869 1811 1051 1892 recipienda
1074 1830 1212 1894 eaquae

130 1898 311 1980 *impendit
332 1918 373 1961 ex
394 1896 549 1959 conducto
571 1916 642 1959 cum
668 1896 793 1959 domino
816 1896 907 1960 fundi
934 1899 1073 1978 experiri
1095 1906 1208 1978 potest.
1232 1908 1262 1953 ⁴5

91 1985 212 2059 5*Ουὶ
239 1994 345 2048 contra
371 1985 473 2063 legem
500 1982 715 2044 conductionis
738 1982 871 2046 fundum
893 1993 966 2046 ante
992 1991 1119 2063 tempus
1144 1985 1211 2046 sine

130 2075 234 2134 *iusta
250 2091 286 2133 ae
300 2069 458 2151 probabili
474 2089 567 2132 causa
578 2068 768 2148 deseruerit,
785 2070 826 2130 ad
840 2070 1006 2132 soluendae
1022 2070 1116 2132 totius
1131 2079 1214 2132 tem-

129 2159 236 2239 *poris
252 2158 419 2238 pensiones
431 2175 471 2217 ex
482 2153 634 2218 conducto
650 2156 814 2216 conueniri
830 2165 942 2236 potest,
959 2166 1116 2236 quatenus
1131 2157 1215 2218 loca·

132 2246 211 2305 *tori
228 2245 260 2304 in
277 2242 309 2304 id
325 2241 409 2322 quod
424 2243 493 2304 eius
509 2243 640 2303 interest
655 2241 847 2303 indemnitas
861 2241 1042 2304 seruetur*

533 2429 592 2510 [xix
634 2449 671 2492 nr
693 2432 815 2509 nvrrus]
1140 2481 1143 2488 ,
1231 2439 1262 2484 2⁰

95 2553 107 2610 l
221 2551 384 2631 Sponsalia
398 2560 461 2611 tam
476 2552 560 2611 inter
573 2549 712 2629 puberes
732 2569 827 2630 quam
843 2551 926 2610 inter
941 2549 1125 2629 impuberes
1140 2567 1214 2610 con-

93 2639 113 2698 θ
133 2638 216 2699 trahi
232 2646 375 2718 possunt.
391 2673 395 2681 ·
413 2637 530 2698 Eorum
553 2637 656 2715 quiin
678 2645 831 2716 potestate
854 2636 954 2716 patris
975 2645 1050 2696 sunt
1065 2631 1133 2696 sine
1155 2653 1213 2695 uo-

131 2725 253 2785 luntate
269 2724 338 2785 eius
354 2723 552 2784 matrimonia
568 2724 638 2783 iure
649 2741 713 2783 non
724 2722 966 2799 contrahuntur,
984 2720 1040 2782 sed
1056 2729 1213 2781 contracta

132 2830 196 2872 non
213 2810 396 2871 soluuntur:
421 2809 639 2890 contemplatio
663 2809 746 2879 euim
769 2807 914 2888 publicae
936 2807 1082 2868 utilitatis
1103 2807 1213 2886 priua-

93 2897 112 2956 3
132 2907 237 2957 torum
259 2893 428 2956 commodis
450 2895 640 2975 praefertur.
675 2893 780 2955 *inter
794 2901 944 2974 parentes
966 2903 997 2954 et
1012 2891 1129 2953 liberos
1144 2892 1212 2953 iure
1230 2902 1263 2950 te

11 2979 12 2982 '
131 2983 239 3044 *ciuili
261 2981 458 3042 matrimonia
479 2979 618 3042 contrahi
640 2998 701 3041 non
723 2988 869 3059 possunt:
901 2997 960 3039 nec
981 2977 1076 3038 liliam
1099 2977 1214 3038 sororis

133 3137 139 3142 ·
154 3138 156 3142 r
186 3137 191 3146 s
200 3136 207 3144 κ
219 3135 320 3148 ’ΛΑΛΛΛΛ
329 3132 1090 3149 νΝωΛΛΝκΛΛΛΙνυψΜΝωΛινκΛΛΛΛΑΛΛΛΛΛΛΛΛΛΛΝννωικιυυ
1101 3133 1123 3143 ν(
1134 3130 1214 3144 νυν-Λ(

204 3207 246 3264 re,
262 3207 328 3253 Η)
341 3223 372 3246 =
386 3203 445 3266 neq.
462 3206 503 3262 te,
518 3206 543 3261 a,
560 3205 590 3252 ss
614 3201 625 3265 tt
651 3205 691 3262 re,
707 3171 773 3251 3-3
789 3165 963 3261 scitatione
1016 3195 1027 3242 .>

137 3325 161 3336 ΝΛ
170 3325 178 3334 Ὗ
195 3323 392 3337 ἸΛΛΜΛΛΙΜΛΜ
640 3321 836 3335 ΧΛΑΧΛΛΙΝΛΙἋΙΝΝἎ

203 3408 306 3459 tidem
321 3407 450 3468 euitatus,
464 3409 537 3458 enim
550 3410 648 3459 codices
670 3407 681 3470 ΙΙ
706 3411 719 3456 3
735 3407 868 3471 Schulttoa
879 3407 914 3457 ad
925 3408 992 3457 tuoe
1003 3408 1106 3458 titutum
1116 3407 1216 3457 rettulit

133 3480 228 3541 Legem
246 3477 317 3528 Rom.
338 3478 473 3540 Burpemi.
488 3481 534 3528 et:
554 3491 614 3527 arro
631 3491 681 3542 pro
699 3475 920 3540 quibuscumque
937 3475 1019 3526 rebus
1036 3490 1052 3526 a
1069 3475 1214 3525 uenditore

133 3549 247 3611 accepta
265 3543 299 3596 ab
318 3559 350 3596 eo
369 3547 416 3610 qui
434 3547 499 3597 emit
516 3546 702 3600 uenditionem
721 3543 867 3609 perlectam
885 3558 954 3596 esse.
988 3546 1105 3609 pretium
1124 3547 1214 3595 tamen

132 3614 308 3681 postmodum
322 3617 428 3680 emptor
445 3615 581 3666 uenditori
599 3615 759 3679 impletmus
781 3615 910 3678 (emptore
922 3613 1058 3664 uenditori
1070 3612 1215 3676 impleturo

134 3683 273 3746 seccato),
294 3685 316 3734 si
333 3688 381 3735 aut
398 3685 468 3734 inter
486 3686 560 3748 ipsos
575 3684 736 3733 conuenerit
746 3685 793 3732 aut
804 3683 928 3732 uirorum
942 3681 1076 3732 bonorum
1088 3682 1215 3731 aestima-

134 3755 207 3804 tione
220 3753 381 3812 constiterit,
397 3752 547 3803 secundum
560 3753 680 3817 speciem
694 3751 769 3803 Pauli
798 3751 809 3814 ll
839 3753 992 3816 tpeiorem
1006 3753 1077 3809 dett,
1091 3750 1215 3814 peiorare

136 3823 164 3880 t,
182 3822 365 3887 periurarell
392 3821 402 3884 ΙΙ
433 3827 530 3871 teum
541 3822 577 3880 M,
598 3834 646 3871 om.
662 3821 722 3882 lii
752 3820 976 3870 tdeterioresM
1002 3818 1013 3882 ll
1043 3817 1215 3868 texercitati

136 3892 165 3941 it
199 3892 210 3954 ΙΙ
244 3890 324 3955 culpa
335 3892 407 3950 dett„
427 3889 536 3954 culpam
549 3891 597 3941 llll
632 3890 643 3954 ΙΙ
680 3894 710 3938 tr
729 3889 896 3940 soluendal'
927 3888 938 3952 11
974 3892 1006 3937 22
1025 3889 1088 3938 sunt
1103 3887 1213 3945 sinell,

136 3960 225 4010 cml
266 3958 278 4023 ΙΙ
323 3962 356 4008 2³
375 3960 435 4010 eius
454 3959 490 4019 M,
509 3959 632 4023 patrisL
674 3958 685 4022 l
724 3959 785 4010 iure
804 3971 857 4009 non
876 3959 913 4018 ll,
933 3953 1054 4018 turoth,
1074 3968 1124 4012 om,
1143 3956 1178 4005 l·
1206 3952 1216 4021 ΙΙ

137 4032 165 4076 at
181 4027 372 4092 contemplatio
388 4066 393 4078 .
409 4065 415 4077 .
431 4065 438 4078 .
453 4031 484 4078 tt
498 4027 651 4078 commodis
662 4025 814 4093 praefertur
823 4026 973 4086 slebertus,
987 4023 1215 4088 contemplatione

49 4149 53 4158 ,
139 4095 349 4148 ...commoda
360 4095 550 4161 praeferuntur
561 4098 660 4148 codices
695 4097 707 4159 ΙΙ
745 4100 778 4146 25
797 4096 855 4146 iure
867 4095 942 4146 ciuili
955 4099 1015 4144 eote
1027 4096 1059 4144 to
1073 4107 1125 4144 nec
1136 4093 1218 4144 cotto·

136 4171 176 4216 cot
188 4165 306 4216 Huschke
625 4193 627 4196 -
