2922 4898
524 331 803 393 -3-

117 538 172 581 sae
195 515 312 602 sunt1).
358 538 395 580 ac
423 538 464 580 ne
494 520 527 580 in
555 518 691 580 rubricis
713 520 844 599 quidem
866 522 967 601 ipsius
989 521 1202 601 epitomatoris

116 604 287 667 libidinem
303 616 473 685 grassatam
489 623 559 666 esse
576 604 784 667 crediderim:
809 625 1000 687 quamquam
1016 608 1049 668 in
1064 607 1113 668 his
1128 617 1202 670 sunt

118 709 203 771 quae
233 711 269 754 ec
298 690 473 769 offendant,
506 689 591 770 quod
620 691 673 753 uel
699 693 779 754 male
807 703 977 774 conceptae
1000 701 1075 754 sunt
1101 690 1141 773 (2.
1168 691 1198 753 7.

68 794 78 822 ‘-
120 779 173 838 tt.
191 777 257 857 27),
283 779 336 840 uel
358 797 421 839 non
445 784 528 838 recte
551 776 693 838 indicant
716 797 751 839 ea
775 797 856 859 quae
879 781 956 860 ipsis
977 779 1078 840 titulis
1100 780 1202 840 conti-

117 875 238 926 nentur
264 865 305 943 (3.
331 865 383 925 22.
410 862 481 943 23),
514 863 566 925 uel
588 863 629 925 ad
652 865 749 925 multo
772 867 909 926 minores
931 865 1010 927 iuris
1033 866 1202 944 particulas

116 953 290 1030 pertinent,
318 968 412 1029 quam
436 967 515 1029 quas
536 948 577 1010 ab
600 951 667 1028 ipsc
682 951 812 1030 leiano
835 951 998 1013 distinctas
1018 950 1116 1012 luisse
1132 970 1202 1012 cre-

117 1036 219 1098 dibile
242 1038 283 1098 sit
311 1036 372 1116 (tc.
401 1034 471 1116 ts),
502 1035 555 1097 uel
584 1036 787 1098 materiarum
817 1056 971 1099 conexum
997 1037 1079 1099 male
1101 1038 1203 1098 inter-

117 1132 274 1202 rumpunt
302 1122 341 1204 (2.
311 1120 398 1182 27
425 1120 491 1203 27)
538 1122 656 1182 atenim
686 1142 749 1183 non
780 1125 838 1184 hae
867 1119 967 1201 solae,
1005 1121 1062 1186 sed
1091 1141 1200 1184 omnes

116 1209 265 1272 rubricae
294 1227 357 1270 non
387 1210 492 1270 minus
522 1205 562 1268 ab
589 1207 714 1288 leiani
745 1210 865 1289 regulis
895 1209 1047 1271 uidentur
1078 1209 1200 1270 alienae

117 1295 217 1357 luisse
241 1314 334 1375 quam
358 1313 375 1355 a
398 1294 454 1355 Gai
478 1294 747 1374 institutionibus,
775 1296 806 1356 in
831 1295 947 1374 quibus
970 1295 1115 1357 rubricae
1136 1304 1199 1356 tam

116 1400 176 1443 eae
205 1400 285 1461 quae
315 1400 332 1441 a
361 1380 490 1442 librario
521 1397 614 1459 quam
644 1399 700 1442 eae
729 1400 811 1461 quae
839 1401 855 1442 a
887 1390 1059 1445 correctore
1085 1380 1201 1442 codicis

116 1468 310 1530 Veronensis
332 1468 536 1547 interpositae
559 1476 633 1527 sunt
656 1466 757 1528 isdem
780 1469 866 1530 uitiis
888 1467 1034 1530 omnibus
1056 1467 1201 1529 laborant

115 1573 200 1634 quae
229 1572 327 1634 supra
355 1553 622 1615 enumerauimus.
670 1564 702 1615 et
730 1552 995 1634 quemadmodum
1024 1553 1080 1616 Gai
1102 1555 1201 1616 Varc-

114 1641 227 1702 nensis
250 1639 395 1701 rubricae
419 1657 481 1700 non
503 1639 706 1701 consentiunt
729 1659 798 1701 cum
822 1641 867 1701 eis
890 1659 970 1720 quae
994 1641 1027 1700 in
1051 1639 1107 1701 Gai
1130 1640 1201 1720 epi-

114 1736 202 1788 toma
223 1727 426 1806 Wisigothica
454 1733 575 1803 extant,
610 1725 652 1786 ita
680 1724 826 1787 diuersae
854 1727 985 1808 originis
1012 1725 1144 1806 uestigia
1166 1727 1200 1786 in

113 1812 259 1892 leianis
282 1811 420 1874 rubricis
441 1821 656 1891 agnoscuntur
678 1821 709 1873 et
725 1831 770 1891 eo,
797 1812 882 1891 qucd
898 1813 928 1872 in
946 1812 1114 1873 Collatione
1130 1813 1160 1890 6,
1180 1812 1198 1873 2

114 1898 209 1960 titulo
231 1899 268 1959 de
289 1899 405 1978 nuptiis
426 1896 652 1960 adscribuntur
675 1916 711 1960 ea
727 1917 808 1978 quae
824 1899 857 1959 in
874 1898 980 1960 codice
994 1899 1142 1960 Vaticano
1158 1897 1200 1958 ti-

115 1984 184 2046 tulo
199 1984 236 2045 de
251 1984 298 2046 bis
313 1985 366 2064 qui
380 1986 411 2044 ia
423 1990 568 2064 potestate
583 1992 656 2046 suat
668 1984 882 2063 subiciuntur,
908 1993 938 2045 et
955 2003 1001 2062 eo,
1028 1982 1114 2064 quod
1130 1982 1200 2046 Col-

114 2072 192 2133 latio
216 2072 273 2148 tc,
300 2072 324 2154 71
349 2070 506 2131 rubricam
533 2071 570 2131 de
593 2071 731 2152 legitimis
753 2070 971 2132 hereditatibus
993 2071 1083 2148 citat,
1118 2088 1198 2151 quae

113 2157 280 2238 Epitomae
304 2165 351 2218 est
373 2156 410 2216 de
432 2157 570 2238 legitimis
592 2155 764 2218 heredibus.
805 2175 886 2219 sane,
899 2176 939 2218 ex
954 2157 1003 2218 his
1020 2156 1199 2218 Collationis

109 2244 192 2304 locis
215 2243 319 2323 colligi
341 2244 453 2321 nequit
476 2241 620 2304 rubricas
642 2240 683 2303 ab
705 2243 772 2322 ipso
795 2243 926 2322 leiano
953 2243 1086 2304 insertas
1109 2261 1195 2303 esse:

114 2349 189 2392 nam
222 2329 277 2390 Gai
308 2347 433 2408 quoque
461 2329 564 2408 capita
588 2328 715 2389 Collatio
745 2328 884 2394 rubricis
913 2329 1097 2410 praemissis
1125 2330 1199 2390 citat

7 2487 8 2490 Ἴ
119 2417 184 2496 (te,
204 2417 234 2493 2,
254 2414 299 2497 9).
336 2415 441 2494 itaque
465 2434 536 2476 cum
560 2413 715 2494 quaedam
739 2414 884 2476 rubricae
905 2416 966 2494 (tt.
988 2416 1037 2475 t3.
1060 2414 1108 2495 ll)
1135 2434 1199 2478 non

113 2521 194 2564 uere
218 2521 255 2563 ea
278 2500 427 2576 iudicent,
455 2519 536 2579 quae
559 2500 653 2562 hodie
676 2502 708 2560 in
725 2501 868 2581 Epitoma
884 2502 1043 2582 leguntur,
1069 2499 1126 2564 sed
1141 2520 1199 2581 po·

112 2590 180 2650 tius
203 2589 361 2668 integrum
382 2587 508 2667 leiani
530 2605 609 2667 opus
631 2588 816 2667 respiciant,
847 2587 991 2650 rubricas
1013 2589 1199 2668 priusquam

113 2676 260 2754 Epitome
284 2674 490 2734 conficeretur
512 2673 601 2753 operi
624 2672 741 2735 inditas
765 2692 834 2736 esse
858 2683 1103 2736 consentaneum
1127 2682 1184 2734 est.

201 2760 330 2821 Initium
358 2759 463 2839 operis
492 2760 525 2820 in
555 2757 662 2820 codice
684 2760 832 2821 Vaticano
860 2760 1053 2840 singularem
1075 2760 1108 2820 in
1130 2777 1198 2820 mo-

103 2841 193 2909 'dum
216 2844 380 2907 confusum
404 2855 463 2906 est.
510 2864 582 2906 nam
605 2855 675 2925 pcst
696 2846 823 2907 titulum
846 2848 937 2926 icctp.
963 2845 1046 2907 tituli
1066 2863 1108 2906 ιω
1129 2863 1199 2905 cor-

110 2951 188 3014 pore
210 2933 333 3013 ulpicct'
360 2941 540 3011 sequuntur
568 2931 669 2993 uerba
698 2931 793 2994 huius
822 2931 969 2993 editionis
997 2949 1029 3010 p.
1056 2931 1074 2989 5
1098 2950 1131 2992 u.
1158 2930 1195 2990 ti

114 3021 210 3080 moris
244 3018 301 3097 (sic
322 3016 431 3098 codex)
461 3065 468 3077 .
497 3064 504 3078 .
532 3063 539 3078 .
567 3018 605 3077 lb
639 3020 846 3079 inueteratae:
887 3018 944 3078 hos
966 3017 1079 3097 exeipit
1101 3014 1199 3078 index

115 3105 316 3167 rubricarum
339 3103 454 3184 operis,
480 3103 564 3166 hunc
587 3103 656 3184 ipse
677 3103 799 3182 primus
820 3103 932 3165 titulus
955 3122 1016 3183 quo
1038 3104 1142 3183 agitur
1157 3101 1198 3164 de

114 3189 419 3254 manumissionibus
442 3199 474 3251 et
496 3189 537 3252 de
559 3189 701 3269 libertis,
733 3197 868 3252 attamen
898 3190 950 3251 hic
979 3198 1129 3251 tractatus
1158 3187 1197 3250 de

113 3277 238 3340 libertis
262 3277 295 3338 in
317 3274 421 3337 media
444 3277 600 3338 sententia
628 3275 669 3356 [p.
696 3277 733 3353 6,
759 3274 788 3356 3)
815 3276 1034 3357 abrumpitur,
1066 3283 1098 3337 et
1123 3293 1199 3336 eon-

114 3366 204 3426 tinuo
227 3364 372 3442 sequitur
395 3362 604 3442 fragmentum
628 3361 667 3423 de
683 3360 809 3442 legibus
825 3363 914 3424 initio
929 3364 1076 3424 mutilum
1104 3360 1144 3443 [p
1163 3361 1194 3438 5,

115 3450 253 3531 2-43),
293 3451 382 3528 quasi
418 3450 474 3509 hoc
502 3447 645 3510 eiusdem
673 3448 757 3509 tituli
788 3459 911 3529 partem
938 3448 1091 3526 efiiceret,
1129 3457 1196 3509 tum

113 3545 267 3599 tractatus
289 3534 330 3596 de
352 3533 477 3596 libertis
500 3535 710 3612 continuatur,
738 3535 778 3595 ita
800 3543 964 3614 tamen,u
965 3544 1163 3616 tpraeter
1140 3551 1197 3593 ex-

114 3633 216 3686 trema
237 3613 337 3684 uerba
359 3622 533 3682 sententiae
555 3639 651 3700 supra
673 3618 827 3700 abruptae
849 3621 909 3683 alia
929 3620 1083 3702 quaedam
1099 3621 1197 3678 iuter-

115 3709 232 3772 cidisse
256 3692 359 3789 pala'm
382 3709 433 3769 sit
476 3725 565 3788 quae
581 3705 721 3768 conlusio
745 3706 1008 3808 quamadmodum
1031 3714 1121 3768 enata
1142 3702 1193 3779 sit,

115 3794 317 3858 Mommsen
308 3795 471 3874 ingeniose
494 3792 768 3874 demonstrauit2).
814 3795 842 3855 is
865 3796 967 3869 enim,
997 3793 1052 3871 qui
1074 3788 1197 3887 primus

116 3883 283 3964 Epitomen
311 3880 372 3961 legi
398 3881 554 3943 Romanae
584 3877 715 3958 adiecit,
747 3879 909 3959 Epitomae
938 3877 1077 3939 codicem
1108 3872 1196 3932 initio

117 4018 313 4033 ΛΛΛΛΛΛΛΛΛΛΛΛ
560 4015 839 4029 ΑΛΛΛΛΑΛΛΛΛΛΛΛΛΛΛΝ
840 4015 915 4028 νΨκΛΛ

185 4087 205 4222 {3
226 4089 496 4222 {ipisrfr'tz'ag'liigita
509 4155 551 4205 cu.
566 4154 711 4217 soccum.
731 4155 813 4203 ιιιι.
839 4166 866 4218 p.
882 4154 940 4200 ιιι.

954 4242 963 4286 ⁴
974 4237 991 4268 ff
