2926 4888
98 669 114 726 t
229 663 389 745 *Pupillus
404 665 431 725 si
446 683 508 725 non
525 663 729 744 defendatur,
754 665 786 725 in
803 667 999 746 possessione
1017 665 1225 728 creditoribus

139 749 339 812 *constitutis
361 748 536 812 minoribus
557 771 597 813 ex
618 751 666 813 bis
687 769 788 831 usque
804 751 845 813 ad
859 750 1059 832 pubertatem
1075 753 1224 814 alimenta

96 841 120 898 ‘i
140 835 350 918 *praestanda
371 845 455 898 sunt.
501 837 578 898 Eius
598 838 653 917 qui
670 836 709 898 ab
724 837 867 898 hostibus
882 847 992 919 captus
1009 846 1055 901 est
1068 837 1149 899 bona
1165 858 1224 900 ue-

142 920 231 984 *nire
247 941 310 984 non
325 932 466 1004 possunt,
487 923 645 1002 quamdiu
655 921 866 986 reuertatur*
1243 935 1257 980 5

514 1111 553 1188 [vi
596 1129 634 1172 nr
657 1107 853 1194 iurnrnicrrs]

87 1235 122 1289 t·
229 1227 355 1309 *Neque
371 1230 453 1290 muri
469 1249 574 1310 neque
596 1239 705 1310 portae
722 1230 858 1292 habitari
876 1231 945 1292 sine
961 1231 1119 1311 permissu
1134 1231 1226 1312 prin-

84 1313 122 1378 ¹¹³
140 1315 242 1395 *cipis
262 1324 393 1396 propter
414 1313 541 1376 fortuita
564 1315 708 1378 incendia
730 1325 873 1396 possunt.
921 1316 1055 1378 Conoedi
1071 1317 1165 1396 solet,
1190 1326 1226 1378 ut

140 1402 317 1481 *imagines
333 1410 364 1462 et
378 1409 517 1480 statuae,
543 1420 624 1482 quae
647 1411 826 1464 ornamento
842 1403 888 1464 rei
909 1401 1056 1482 publicae
1078 1411 1153 1464 sunt
1175 1403 1227 1464 iu-

99 1493 116 1549 t
139 1487 262 1566 *turae
279 1487 311 1547 in
323 1486 484 1566 publicum
495 1492 685 1567 ponantur.*
706 1487 900 1550 Retinendae
913 1489 1118 1568 possessionis
1129 1490 1227 1568 gratia
1246 1500 1276 1546 to

142 1581 323 1654 comparata
339 1581 414 1634 sunt
429 1572 611 1652 interdicta,
631 1593 689 1654 per
704 1593 784 1654 quae
801 1593 870 1635 earn
887 1574 1116 1654 possessionem
1132 1593 1226 1655 quam

143 1661 209 1722 iam
232 1657 385 1720 habemus
407 1659 545 1720 retinere
568 1660 730 1737 uolumus,
755 1661 848 1740 quale
872 1668 921 1721 est
941 1659 1225 1722 vr1rossmnrrsde

121 1792 124 1796 .
142 1744 243 1806 rebus
260 1745 317 1805 soli
333 1753 365 1806 et
379 1763 483 1806 vrnvrr
499 1745 539 1806 de
557 1764 590 1806 re
607 1746 728 1807 mobili.
764 1755 796 1806 et
812 1747 964 1826 inpriore
980 1745 1110 1826 quidem
1127 1747 1154 1807 is
1169 1765 1227 1827 po-

142 1833 208 1893 tior
223 1839 286 1908 est,
312 1831 367 1910 qui
389 1830 505 1892 redditi
528 1831 689 1893 interdicti
704 1841 845 1912 temporo
867 1850 927 1893 nec
941 1833 978 1893 ui
998 1851 1058 1892 nec
1072 1832 1152 1892 clam
1168 1850 1227 1893 neo

142 1918 289 1998 precario
305 1917 345 1978 ab
360 1915 543 1978 aduersario
558 1917 716 1997 possedit:
735 1919 768 1979 in
784 1919 881 1979 altero
896 1935 974 1979 uero
989 1919 1092 1998 potior
1109 1917 1227 1999 estqui
1247 1930 1276 1976 ia

143 2005 265 2064 maiore
281 2011 370 2082 parte
391 2004 467 2063 anni
487 2012 660 2064 retrorsum
681 1999 838 2065 numerati
860 2022 920 2064 nec
934 2005 969 2065 ui
991 2023 1051 2065 nec
1073 2004 1152 2066 clam
1167 2022 1227 2064 nec

13 2083 14 2094 ’
97 2089 290 2170 2precario
310 2087 461 2168 possedit.
507 2090 548 2150 Vt
569 2088 790 2167 interdictum,
816 2089 858 2151 ita
881 2098 913 2150 et
927 2090 1006 2150 actio
1027 2091 1223 2171 proponitur,

89 2241 92 2245 ,
143 2194 188 2236 ne
203 2175 277 2255 quis
291 2174 344 2235 uia
358 2173 485 2255 publica
506 2175 643 2255 aliquem
659 2173 836 2256 prohibeat.
882 2177 973 2238 cuius
988 2177 1035 2238 rei
1050 2175 1227 2240 sollicitudo

142 2260 188 2323 ad
202 2261 327 2322 uiarum
343 2269 503 2322 curatores
518 2262 667 2341 pertinet,
689 2279 856 2340 aquarum
871 2263 1046 2324 munitione
1062 2280 1155 2324 nemo
1171 2281 1228 2323 ex·

144 2354 261 2426 ceptus
276 2355 334 2407 est.
381 2348 407 2407 si
430 2347 502 2425 quis
517 2356 622 2408 tamen
637 2348 670 2408 in
693 2366 729 2408 ea
751 2347 874 2428 aliquid
890 2349 996 2428 operis
1011 2347 1139 2427 fecerit,
1165 2367 1227 2428 quo
1247 2359 1277 2404 ao

96 2437 120 2497 3
143 2441 359 2496 commeantes
374 2432 598 2512 impediantur,
617 2431 765 2495 demolito
781 2453 876 2514 opere
893 2433 1135 2498 condemnatur..
1162 2433 1227 2494 Nou

142 2528 270 2581 tantum
285 2519 312 2579 si
327 2519 396 2598 ipse
412 2517 557 2580 dominus
572 2521 769 2600 possessione
784 2519 913 2599 deiciat,
931 2520 1009 2582 utile
1025 2517 1228 2581 interdictum

143 2613 212 2682 est,
232 2602 290 2666 sed
306 2606 399 2665 etiam
415 2605 443 2665 si
458 2603 575 2666 familia
591 2606 670 2667 eius
717 2605 852 2668 familiae
868 2615 974 2666 autem
990 2607 1116 2666 nomine
1133 2607 1227 2666 etiam
1279 2675 1282 2684 ,

98 2695 121 2754 4
142 2691 209 2753 duo
225 2690 311 2751 serui
328 2692 538 2752 eontinentur.
584 2691 622 2752 Vi
637 2690 773 2753 deicitur
788 2709 851 2752 non
865 2699 987 2752 tantum
1003 2691 1059 2772 qui
1075 2709 1228 2771 oppressu

144 2776 360 2838 multitudinis
375 2785 429 2838 aut
445 2775 577 2838 fustium
600 2786 655 2838 aut
668 2778 803 2838 telorum
818 2787 872 2838 aut
887 2795 1045 2838 armorum
1061 2785 1148 2838 metu
1162 2786 1229 2838 ter·
1246 2787 1278 2832 2⁵

142 2872 254 2942 retur,
272 2860 329 2923 sed
344 2871 375 2923 et
390 2863 418 2924 is
432 2864 486 2943 qui
503 2862 673 2925 uiolentiae
688 2861 835 2944 opinione
857 2871 1018 2944 comperta
1032 2863 1228 2942 possessione

96 2951 121 3011 5
143 2949 259 3027 cessit,
280 2949 306 3009 si
322 2957 428 3009 tamen
445 2967 514 3010 eam
529 2947 732 3010 aduersarius
753 2949 915 3028 ingressus
937 2951 989 3010 sit.
1036 2949 1080 3010 De
1104 2948 1179 3010 naui
1193 2949 1227 3010 ui

142 3035 291 3097 deiectus
307 3033 364 3094 hoc
378 3033 545 3096 interdicto
557 3035 695 3115 experiri
712 3052 774 3098 noc
789 3043 911 3114 potest:
931 3033 989 3096 sed
1005 3034 1089 3097 utilis
1105 3035 1134 3096 ei
1149 3035 1228 3096 actio

142 3121 187 3183 de
204 3119 301 3182 rebus
322 3119 547 3201 recuperandis
562 3121 707 3201 exemplo
721 3121 756 3182 ui
777 3119 930 3182 bonorum
947 3130 1107 3202 raptorum
1122 3119 1226 3182 datur.

146 3273 203 3288 ΝΛΛΙ

218 3345 249 3393 to
262 3361 295 3386 a
308 3342 368 3406 Εἰς.
385 3343 426 3403 ii,
442 3345 465 3404 5,
482 3345 512 3390 39
532 3347 579 3400 (ece
590 3344 639 3406 tis,
656 3355 709 3391 coo
721 3355 755 3392 ec
768 3343 843 3392 Pouti
855 3343 941 3406 utiquo
953 3343 1037 3393 codice
1048 3344 1115 3392 tuuc
1126 3343 1229 3394 titutum

140 3413 267 3462 hausisse
280 3412 518 3472 emendationesque
528 3413 556 3460 ic
572 3411 670 3462 Cuiccii
684 3412 791 3461 Obseru.
804 3415 846 3474 at,
859 3413 888 3459 tt
903 3413 1093 3464 coonmeodctos
1104 3415 1230 3474 recepisse

140 3481 270 3612 gdigorepe
284 3479 886 3612 zmpqemepiae.pattppprspemtMoounseo)
926 3479 938 3544 ΙΙ
985 3485 1010 3542 6,
1026 3480 1170 3544 t⁸=th.
1186 3481 1227 3541 ta,
1270 3483 1273 3490 ’

165 3585 172 3609 i
317 3585 323 3608 i
381 3581 412 3592 ““““
480 3585 486 3598 ·
538 3587 543 3609 t
577 3586 584 3609 t

218 3754 355 3819 spupilm
374 3757 456 3805 editor
470 3753 626 3804 Geceuecsis
640 3755 677 3815 (o.
691 3753 727 3814 s.)
756 3752 767 3815 11
797 3752 979 3817 possessione]
993 3754 1166 3817 possessione
1178 3751 1229 3802 bo-

142 3837 248 3874 norum
263 3823 360 3873 denec.
391 3823 402 3884 ΙΙ
432 3821 650 3883 tminoribusi',
665 3833 714 3872 cot.
729 3821 838 3873 decem:
851 3821 1206 3873 bonorumciusMoounseo
1221 3817 1233 3888 ΙΙ

143 3897 162 3942 9
178 3892 373 3943 ornamentaF
393 3890 405 3954 11
430 3895 460 3940 ts
474 3891 595 3955 possedit
606 3890 637 3952 t,
651 3890 805 3956 possidetur
817 3890 853 3951 M,
866 3890 989 3955 possidet
1000 3891 1060 3940 dett.
1086 3889 1098 3954 tt
1123 3892 1153 3938 49
1167 3903 1231 3953 per·
1273 3921 1278 3952 ,

140 3964 224 4012 tinet.
245 3959 400 4010 obuiorum
415 3960 532 4010 Huschke
568 3961 579 4025 11
621 3963 648 4009 tt
666 3957 1126 4023 ccte§3ntbricomdointerdioto
1138 3958 1230 4008 utrubi

148 4033 252 4094 (utrum
265 4032 293 4078 ui
307 4030 335 4092 L)
351 4031 448 4080 codices
460 4031 578 4080 inserunt
607 4028 618 4092 ΙΙ
649 4031 680 4077 22
692 4027 874 4092 possessione]
887 4030 1059 4092 possessione
1071 4029 1164 4077 utruui
1176 4028 1196 4078 L
1222 4024 1233 4094 ΙΙ

140 4099 248 4150 deiciat
264 4098 393 4156 deiectus,
408 4097 543 4148 deiciatur
555 4099 653 4148 codices
692 4096 703 4159 ΙΙ
743 4099 776 4145 at
790 4109 919 4163 oppresso
933 4097 982 4147 ML
1018 4095 1030 4159 ΙΙ
1070 4099 1102 4145 25
1115 4098 1234 4146 terretur

144 4169 187 4228 M,
201 4167 345 4218 territusL
385 4166 397 4230 ΙΙ
439 4166 829 4227 ateamdett.,eai,om.i1
866 4165 883 4229 11-
919 4165 1173 4227 tenimentis

988 4249 1026 4300 8*
