2922 4898
295 333 353 398 le.
370 336 449 382 a-ta
688 367 774 380 .-..
820 335 858 396 14
902 368 983 378 -..

576 520 616 602 [rx
659 541 696 584 nn
719 541 766 584 ms
788 541 837 594 ovi
860 541 891 584 na
913 541 992 584 narr
1015 519 1098 602 svor]

380 643 494 702 Farreo
517 643 705 705 conuenitur
725 643 757 703 in
773 661 902 704 manum
918 643 1013 704 sertis
1027 640 1137 703 uerbis
1153 649 1184 702 et
1197 640 1341 702 testibus
1356 643 1383 702 X

295 725 516 808 praesentibus
532 738 562 789 et
577 729 719 790 sollemni
735 729 887 791 sacrificio
904 728 1000 807 taoto,
1019 729 1052 789 in
1069 746 1131 807 quo
1145 728 1237 808 panis
1253 746 1382 808 quoque

296 811 419 875 tarreus
434 813 614 876 adhibetur.
1261 810 1264 818 ’

313 1002 341 1084 [x
384 1021 434 1075 ovr
457 1023 488 1066 m
510 1021 672 1066 rorasrirn
695 1021 870 1065 nanorrrorn
894 1022 966 1065 svsr
989 1021 1208 1076 ornmnuonvu
1231 1021 1268 1063 so
1292 1020 1361 1064 ivan
1399 1017 1409 1062 t

742 1087 931 1171 nloaanurvn]

261 1211 272 1286 1
382 1210 483 1272 Liberi
507 1219 673 1290 parentum
692 1219 846 1292 potestate
862 1209 1039 1273 liberantur
1054 1210 1322 1289 emancipatione,
1349 1206 1382 1268 id

295 1307 343 1358 est
358 1297 403 1375 si,
429 1305 634 1377 posteaquam
657 1298 824 1378 mancipati
848 1295 982 1370 fuerint,
1008 1297 1192 1358 manumissi
1208 1297 1284 1358 sint.
1326 1292 1382 1356 sed

239 1432 246 1450 .,
296 1382 380 1444 iilius
396 1382 525 1461 quidem
540 1393 590 1444 ter
606 1385 803 1464 mancipatus
818 1394 868 1445 ter
882 1385 1096 1459 manumissus
1112 1382 1161 1443 sui
1177 1382 1256 1444 iuris
1273 1382 1325 1442 tit:
1348 1378 1381 1440 id

295 1470 379 1530 enim
399 1469 452 1530 lex
474 1466 639 1530 duodecim
659 1469 839 1532 tabularum
855 1469 944 1532 iubet
958 1469 1006 1530 his
1021 1467 1147 1530 uerbis:
1173 1487 1199 1528 sr
1221 1487 1315 1528 aaran
1337 1485 1382 1528 rr·
1398 1480 1423 1525 to

298 1573 365 1616 srva
380 1574 437 1614 rar
452 1574 548 1617 muru
564 1575 665 1635 nirrr,
691 1575 783 1618 rnrvs
800 1574 922 1616 inires
939 1574 1023 1616 nisan
1037 1574 1120 1616 ssro.
1161 1555 1257 1616 ceteri
1274 1561 1381 1614 autem

294 1641 387 1702 liberi
411 1651 537 1721 praeter
557 1642 657 1705 filium
678 1651 742 1704 tam
765 1642 894 1702 maseuli
917 1660 1011 1721 quam
1027 1640 1164 1702 feminae
1178 1657 1244 1701 una
1259 1639 1382 1700 manci-

258 1726 276 1787 2
295 1727 421 1807 patione
437 1729 748 1808 manumissioneque
764 1728 813 1789 sui
829 1729 908 1789 iuris
924 1729 1014 1788 fiunt.
1054 1729 1149 1788 Morte
1172 1726 1272 1807 patris
1295 1725 1380 1786 filius

207 1853 210 1862 ,
296 1821 326 1874 et
347 1813 409 1874 filia
432 1815 481 1875 sui
503 1814 581 1876 iuris
602 1815 697 1877 fiunt:
724 1823 822 1875 morte
844 1823 949 1874 autem
972 1813 1023 1874 aui
1043 1823 1174 1893 nepotes
1190 1814 1234 1874 ita
1249 1811 1380 1872 demum
1449 1863 1450 1866 ,

295 1900 343 1960 sui
366 1899 445 1960 iuris
467 1900 561 1979 fiunt,
587 1903 614 1962 si
635 1910 705 1980 post
727 1909 860 1961 mortem
881 1901 933 1961 aui
949 1901 981 1961 in
996 1908 1149 1979 potestate
1165 1899 1263 1978 patris
1280 1897 1380 1958 futuri
1398 1909 1423 1955 ⁴⁵
1449 1973 1450 1984 ἵ

294 2003 357 2045 non
374 1994 458 2064 sunt,
479 1986 569 2047 uelut
583 1988 609 2048 si
625 1988 779 2048 moriente
795 2005 853 2047 auo
868 1994 958 2065 pater
971 2004 1080 2046 eorum
1096 1994 1150 2046 aut
1165 1987 1226 2046 tarn
1243 1983 1380 2045 decessit
1449 2001 1450 2006 ¹

294 2080 350 2131 aut
371 2068 411 2132 de
433 2076 587 2150 potestate
611 2071 761 2134 dimissus
784 2081 848 2133 est:
882 2091 955 2133 nam
978 2073 1005 2133 si
1028 2071 1137 2133 mortis
1160 2071 1213 2132 aui
1236 2078 1379 2149 tempore

294 2166 385 2237 pater
407 2176 515 2218 eorum
537 2159 569 2219 in
591 2166 743 2239 potestate
766 2159 835 2219 eius
856 2159 914 2236 sit,
939 2168 1060 2219 mortuo
1085 2177 1142 2218 auo
1165 2158 1198 2218 in
1214 2156 1314 2236 patris
1330 2156 1379 2216 sui

257 2242 274 2300 3
294 2251 448 2323 potestate
464 2242 554 2306 fiunt.
588 2246 621 2307 Si
637 2246 721 2326 patri
736 2245 789 2306 uel
804 2243 867 2304 filio
881 2262 963 2324 aqua
979 2254 1010 2306 et
1026 2244 1090 2324 igni
1105 2241 1309 2305 interdictum
1324 2243 1377 2320 sit,

295 2330 397 2408 patria
419 2339 557 2409 potestas
580 2331 712 2410 tollitur,
738 2331 812 2410 quia
834 2331 1023 2411 peregrinus
1046 2330 1080 2390 iit
1101 2332 1146 2407 is,
1171 2331 1221 2391 cui
1243 2347 1326 2407 aqua
1349 2337 1425 2389 etat

295 2417 360 2494 igni
376 2414 581 2490 interdictum
598 2428 663 2480 est:
688 2435 793 2496 neque
815 2426 918 2479 autem
940 2418 1125 2498 peregrinus
1148 2417 1249 2477 oiuem
1266 2415 1381 2476 Roma-

295 2520 373 2562 num
395 2519 500 2582 neque
523 2505 603 2566 einis
624 2505 781 2564 Romanus
802 2503 1007 2584 peregrinum
1029 2505 1061 2564 in
1084 2510 1237 2583 potestate
1260 2501 1380 2564 habere

260 2590 275 2647 i
294 2596 408 2666 potest.
448 2589 482 2649 Si
503 2599 592 2670 pater
611 2589 652 2652 ab
668 2588 813 2650 hostibus
828 2599 938 2670 oaptus
953 2589 1005 2668 sit,
1030 2591 1175 2667 quamuis
1191 2606 1306 2649 seruus
1322 2587 1381 2647 ho-

295 2674 390 2735 stium
413 2674 476 2754 fiat,
501 2685 606 2738 tamen
630 2695 702 2738 oum
724 2694 873 2738 reuersus
894 2675 1001 2754 fuerit,
1024 2676 1128 2736 omnia
1151 2675 1285 2755 pristina
1308 2675 1380 2734 iura

285 2760 409 2838 recipit
423 2761 492 2823 iure
508 2763 699 2840 postliminii.
740 2761 796 2822 sed
811 2761 963 2841 quamdiu
979 2760 1064 2842 apud
1079 2763 1184 2822 hostes
1199 2772 1256 2837 est,
1276 2759 1379 2839 patria
1396 2774 1425 2820 at

295 2854 432 2926 potestas
448 2847 479 2907 in
497 2849 558 2910 filio
573 2851 640 2911 eius
656 2849 783 2909 interim
798 2845 963 2928 pendebit,
982 2858 1100 2909 etcum
1115 2864 1265 2908 reuersus
1281 2845 1380 2907 bresit

294 2931 335 2994 ab
351 2932 509 3012 hostibus,
533 2937 565 2996 in
585 2943 740 3016 potestate
763 2933 863 2995 filium
886 2933 1032 2996 habebit:
1060 2935 1087 2995 si
1110 2952 1186 2994 uero
1207 2931 1250 2992 ibi
1267 2931 1381 2993 deoes-
1451 2981 1452 3014 ,

295 3021 383 3095 serit,
409 3021 459 3081 sui
482 3022 562 3083 iuris
582 3022 666 3083 tilius
687 3013 758 3081 er'it.
799 3020 883 3082 iilius
902 3038 1028 3100 quoque
1051 3021 1078 3081 si
1101 3027 1211 3099 eaptus
1226 3018 1324 3079 hrerit
1338 3017 1380 3078 ab

296 3104 453 3185 hostibus,
479 3108 624 3170 similiter
645 3116 774 3188 propter
795 3106 845 3168 ius
860 3106 1042 3187 postliminii
1058 3107 1159 3186 patria
1174 3113 1313 3185 potestas
1328 3105 1382 3164 in-

258 3193 276 3251 5
295 3193 387 3251 terim
404 3193 568 3270 pendebit.
608 3195 640 3254 ln
664 3202 816 3274 potestate
836 3203 1003 3272 parentum
1025 3211 1094 3253 esse
1115 3191 1268 3253 desinunt
1286 3201 1316 3250 et
1332 3190 1377 3268 hi,
1398 3207 1425 3254 to

295 3277 349 3355 qui
366 3277 509 3341 flamines
524 3280 629 3341 Diales
650 3280 880 3358 inaugurantur
897 3287 929 3339 et
943 3296 1024 3358 quae
1041 3279 1182 3358 uirgines
1196 3277 1309 3338 Vestae
1325 3295 1381 3338 ea·

295 3362 437 3442 piuntur.

704 3538 743 3618 [xl
782 3556 819 3599 nn
841 3535 970 3616 rvrntrs]

261 3658 272 3717 t
382 3660 513 3721 Tutores
535 3660 770 3720 constituuntur
791 3667 855 3719 tam
870 3657 1016 3718 masculis
1031 3675 1125 3737 quam
1143 3655 1299 3718 teminisu
1323 3656 1381 3718 sed
1451 3629 1452 3694 ἶ

297 3747 444 3809 masculis
459 3744 588 3826 quidem
605 3743 825 3825 impuberibus
841 3741 1003 3804 dumtaxat
1017 3754 1148 3824 propter
1163 3744 1275 3806 aetatis
1290 3742 1380 3805 infir·
1397 3761 1427 3808 ae

365 4026 375 4070 t
395 4035 446 4084 pro
458 4022 504 4086 qui
516 4023 661 4082 requiritur
671 4033 741 4084 quae
766 4017 777 4086 [Ι
804 4021 994 4071 tconuenitur
1009 4020 1037 4081 0,
1052 4022 1182 4072 conuenit
1192 4032 1262 4069 uxor
1274 4019 1347 4084 Hopo

296 4096 310 4141 3
330 4105 414 4157 panes
426 4103 534 4154 quoque
546 4088 684 4140 iarreosC
708 4085 719 4154 ΙΙ
745 4093 759 4137 9
780 4088 808 4138 id
820 4090 893 4138 enim
911 4089 998 4150 Titius,
1020 4089 1129 4140 idemt'
1153 4087 1164 4156 ΙΙ
1192 4092 1219 4138 tt
1242 4087 1352 4142 dauitG

298 4163 328 4208 to
348 4159 411 4221 iam]
431 4158 548 4209 etiamG
577 4154 587 4223 Η
616 4161 643 4206 24
667 4155 979 4222 nequer,nesqueC⁸
1006 4155 1016 4225 ΙΙ
1045 4162 1072 4206 at
1096 4157 1244 4208 diuaiisC·
