<?xml version="1.0" encoding="UTF-8"?>
<!DOCTYPE html PUBLIC "-//W3C//DTD XHTML 1.0 Transitional//EN"
    "http://www.w3.org/TR/xhtml1/DTD/xhtml1-transitional.dtd">
<html xmlns="http://www.w3.org/1999/xhtml" xml:lang="en" lang="en">
 <head>
  <title>
</title>
<meta http-equiv="Content-Type" content="text/html;charset=utf-8" />
  <meta name='ocr-system' content='tesseract 3.04.00' />
  <meta name='ocr-capabilities' content='ocr_page ocr_carea ocr_par ocr_line ocrx_word'/>
</head>
<body>
  <div class='ocr_page' id='page_1' title='image "./vlpianilibersin00kruegoog_0141.png"; bbox 0 0 2926 4888; ppageno 0'>
   <div class='ocr_carea' id='block_1_1' title="bbox 475 353 1178 452">
    <p class='ocr_par' dir='ltr' id='par_1_1' title="bbox 475 353 1178 452">
     <span class='ocr_line' id='line_1_1' title="bbox 475 353 1178 452; baseline 0.007 -43"><span class='ocrx_word' id='word_1_1' title='bbox 475 397 561 409; x_wconf 85' lang='grc'>-....</span> <span class='ocrx_word' id='word_1_2' title='bbox 607 365 666 427; x_wconf 78' lang='lat'><strong>125</strong></span> <span class='ocrx_word' id='word_1_3' title='bbox 711 353 797 410; x_wconf 61' lang='lat'><em>...&#39;...</em></span> <span class='ocrx_word' id='word_1_4' title='bbox 1006 367 1080 416; x_wconf 89' lang='lat' dir='ltr'><strong>Paul.</strong></span> <span class='ocrx_word' id='word_1_5' title='bbox 1096 367 1129 427; x_wconf 85' lang='lat' dir='ltr'><strong>V,</strong></span> <span class='ocrx_word' id='word_1_6' title='bbox 1145 369 1178 452; x_wconf 81' lang='grc'><strong>44</strong></span> 
     </span>
    </p>
   </div>
   <div class='ocr_carea' id='block_1_2' title="bbox 34 552 1209 981">
    <p class='ocr_par' dir='ltr' id='par_1_2' title="bbox 36 552 1179 633">
     <span class='ocr_line' id='line_1_2' title="bbox 36 552 1179 633; baseline 0.006 -23"><span class='ocrx_word' id='word_1_7' title='bbox 36 552 71 610; x_wconf 73' lang='lat'><strong>8²</strong></span> <span class='ocrx_word' id='word_1_8' title='bbox 89 553 282 633; x_wconf 79' lang='lat' dir='ltr'><strong>interrogari</strong></span> <span class='ocrx_word' id='word_1_9' title='bbox 298 569 360 614; x_wconf 90' lang='lat' dir='ltr'><strong>non</strong></span> <span class='ocrx_word' id='word_1_10' title='bbox 375 560 489 632; x_wconf 89' lang='lat' dir='ltr'><strong>potest.</strong></span> <span class='ocrx_word' id='word_1_11' title='bbox 520 552 659 615; x_wconf 80' lang='lat' dir='ltr'><strong>*Seruus</strong></span> <span class='ocrx_word' id='word_1_12' title='bbox 674 572 734 614; x_wconf 90' lang='lat' dir='ltr'><strong>nec</strong></span> <span class='ocrx_word' id='word_1_13' title='bbox 749 555 776 615; x_wconf 92' lang='lat' dir='ltr'><strong>si</strong></span> <span class='ocrx_word' id='word_1_14' title='bbox 792 572 809 615; x_wconf 88' lang='lat' dir='ltr'><strong>a</strong></span> <span class='ocrx_word' id='word_1_15' title='bbox 825 552 950 615; x_wconf 88' lang='lat' dir='ltr'><strong>domino</strong></span> <span class='ocrx_word' id='word_1_16' title='bbox 967 553 1008 616; x_wconf 91' lang='lat' dir='ltr'><strong>ad</strong></span> <span class='ocrx_word' id='word_1_17' title='bbox 1022 565 1179 617; x_wconf 88' lang='lat' dir='ltr'><strong>tormenta</strong></span> 
     </span>
    </p>

    <p class='ocr_par' dir='ltr' id='par_1_3' title="bbox 34 632 1177 721">
     <span class='ocr_line' id='line_1_3' title="bbox 34 632 1177 721; baseline 0.005 -25"><span class='ocrx_word' id='word_1_18' title='bbox 34 632 70 696; x_wconf 78' lang='lat' dir='ltr'><strong>gn</strong></span> <span class='ocrx_word' id='word_1_19' title='bbox 87 637 276 718; x_wconf 60' lang='lat' dir='ltr'><strong>*offeram</strong></span> <span class='ocrx_word' id='word_1_20' title='bbox 302 638 546 721; x_wconf 79' lang='lat' dir='ltr'>interrogandus</span> <span class='ocrx_word' id='word_1_21' title='bbox 562 649 621 700; x_wconf 89' lang='lat' dir='ltr'><strong>est.</strong></span> <span class='ocrx_word' id='word_1_22' title='bbox 669 641 751 702; x_wconf 89' lang='lat' dir='ltr'><strong>Sane</strong></span> <span class='ocrx_word' id='word_1_23' title='bbox 774 641 920 720; x_wconf 87' lang='lat' dir='ltr'><strong>quotiens</strong></span> <span class='ocrx_word' id='word_1_24' title='bbox 936 642 1117 720; x_wconf 87' lang='lat' dir='ltr'><strong>quaeritur,</strong></span> <span class='ocrx_word' id='word_1_25' title='bbox 1137 660 1177 703; x_wconf 91' lang='lat' dir='ltr'><strong>an</strong></span> 
     </span>
    </p>

    <p class='ocr_par' dir='ltr' id='par_1_4' title="bbox 87 723 1177 806">
     <span class='ocr_line' id='line_1_4' title="bbox 87 723 1177 806; baseline 0.002 -20"><span class='ocrx_word' id='word_1_26' title='bbox 87 723 196 786; x_wconf 86' lang='lat' dir='ltr'><strong>*serui</strong></span> <span class='ocrx_word' id='word_1_27' title='bbox 212 725 246 785; x_wconf 93' lang='lat' dir='ltr'><strong>in</strong></span> <span class='ocrx_word' id='word_1_28' title='bbox 263 733 357 805; x_wconf 89' lang='lat' dir='ltr'><strong>caput</strong></span> <span class='ocrx_word' id='word_1_29' title='bbox 372 724 491 786; x_wconf 91' lang='lat' dir='ltr'><strong>domini</strong></span> <span class='ocrx_word' id='word_1_30' title='bbox 507 725 722 806; x_wconf 80' lang='lat' dir='ltr'><strong>interrogandi</strong></span> <span class='ocrx_word' id='word_1_31' title='bbox 738 727 812 804; x_wconf 81' lang='lat' dir='ltr'><strong>sint,</strong></span> <span class='ocrx_word' id='word_1_32' title='bbox 831 727 921 806; x_wconf 92' lang='lat' dir='ltr'><strong>prius</strong></span> <span class='ocrx_word' id='word_1_33' title='bbox 936 725 977 788; x_wconf 91' lang='lat' dir='ltr'><strong>de</strong></span> <span class='ocrx_word' id='word_1_34' title='bbox 993 746 1103 789; x_wconf 90' lang='lat' dir='ltr'><strong>eorum</strong></span> <span class='ocrx_word' id='word_1_35' title='bbox 1119 726 1177 789; x_wconf 93' lang='lat' dir='ltr'><strong>do-</strong></span> 
     </span>
    </p>

    <p class='ocr_par' dir='ltr' id='par_1_5' title="bbox 50 809 1209 981">
     <span class='ocr_line' id='line_1_5' title="bbox 50 809 1172 894; baseline 0.007 -26"><span class='ocrx_word' id='word_1_36' title='bbox 50 811 68 868; x_wconf 79' lang='lat'>9</span> <span class='ocrx_word' id='word_1_37' title='bbox 86 810 205 872; x_wconf 82' lang='lat' dir='ltr'><strong>*minio</strong></span> <span class='ocrx_word' id='word_1_38' title='bbox 220 820 343 892; x_wconf 77' lang='lat' dir='ltr'><strong>oportet</strong></span> <span class='ocrx_word' id='word_1_39' title='bbox 358 809 511 891; x_wconf 79' lang='lat' dir='ltr'><strong>inquiri*</strong></span> <span class='ocrx_word' id='word_1_40' title='bbox 534 813 567 872; x_wconf 86' lang='lat' dir='ltr'><strong>si</strong></span> <span class='ocrx_word' id='word_1_41' title='bbox 583 830 695 873; x_wconf 90' lang='lat' dir='ltr'><strong>seruus</strong></span> <span class='ocrx_word' id='word_1_42' title='bbox 710 811 824 874; x_wconf 89' lang='lat' dir='ltr'><strong>adhoc</strong></span> <span class='ocrx_word' id='word_1_43' title='bbox 840 812 936 873; x_wconf 90' lang='lat' dir='ltr'><strong>luerit</strong></span> <span class='ocrx_word' id='word_1_44' title='bbox 951 814 1172 894; x_wconf 71' lang='lat' dir='ltr'><strong>manumissus²</strong></span> 
     </span>
     <span class='ocr_line' id='line_1_6' title="bbox 86 896 1209 981; baseline 0.004 -24"><span class='ocrx_word' id='word_1_45' title='bbox 86 915 130 957; x_wconf 89' lang='lat' dir='ltr'><strong>ne</strong></span> <span class='ocrx_word' id='word_1_46' title='bbox 154 906 357 976; x_wconf 87' lang='lat' dir='ltr'><strong>torqueatur,</strong></span> <span class='ocrx_word' id='word_1_47' title='bbox 384 899 529 977; x_wconf 39' lang='lat' dir='ltr'><strong>,quaestio</strong></span> <span class='ocrx_word' id='word_1_48' title='bbox 552 896 592 958; x_wconf 92' lang='lat' dir='ltr'><strong>de</strong></span> <span class='ocrx_word' id='word_1_49' title='bbox 616 917 652 958; x_wconf 93' lang='lat' dir='ltr'><strong>eo</strong></span> <span class='ocrx_word' id='word_1_50' title='bbox 674 898 774 959; x_wconf 86' lang='lat' dir='ltr'>nihilo</span> <span class='ocrx_word' id='word_1_51' title='bbox 795 899 900 959; x_wconf 91' lang='lat' dir='ltr'><strong>minus</strong></span> <span class='ocrx_word' id='word_1_52' title='bbox 923 897 1035 960; x_wconf 90' lang='lat' dir='ltr'><strong>haberi</strong></span> <span class='ocrx_word' id='word_1_53' title='bbox 1057 908 1171 981; x_wconf 89' lang='lat' dir='ltr'><strong>potest.</strong></span> <span class='ocrx_word' id='word_1_54' title='bbox 1194 913 1209 960; x_wconf 80' lang='grc'><strong>4</strong></span> 
     </span>
    </p>
   </div>
   <div class='ocr_carea' id='block_1_3' title="bbox 13 1068 1221 3127">
    <p class='ocr_par' dir='ltr' id='par_1_6' title="bbox 28 1068 1173 1388">
     <span class='ocr_line' id='line_1_7' title="bbox 28 1068 1173 1150; baseline 0.004 -23"><span class='ocrx_word' id='word_1_55' title='bbox 28 1069 65 1130; x_wconf 90' lang='grc'><strong>40</strong></span> <span class='ocrx_word' id='word_1_56' title='bbox 176 1069 358 1141; x_wconf 87' lang='lat' dir='ltr'><strong>Quaestioni</strong></span> <span class='ocrx_word' id='word_1_57' title='bbox 380 1069 450 1130; x_wconf 87' lang='lat' dir='ltr'><strong>eius</strong></span> <span class='ocrx_word' id='word_1_58' title='bbox 466 1069 612 1147; x_wconf 78' lang='lat' dir='ltr'><strong>latroniS,</strong></span> <span class='ocrx_word' id='word_1_59' title='bbox 637 1088 732 1149; x_wconf 88' lang='lat' dir='ltr'><strong>quem</strong></span> <span class='ocrx_word' id='word_1_60' title='bbox 749 1070 821 1150; x_wconf 92' lang='lat' dir='ltr'><strong>quis</strong></span> <span class='ocrx_word' id='word_1_61' title='bbox 837 1068 966 1148; x_wconf 88' lang='lat' dir='ltr'><strong>obtulit,</strong></span> <span class='ocrx_word' id='word_1_62' title='bbox 993 1089 1065 1132; x_wconf 92' lang='lat' dir='ltr'><strong>cum</strong></span> <span class='ocrx_word' id='word_1_63' title='bbox 1080 1068 1120 1132; x_wconf 92' lang='lat' dir='ltr'><strong>de</strong></span> <span class='ocrx_word' id='word_1_64' title='bbox 1137 1091 1173 1132; x_wconf 91' lang='lat' dir='ltr'><strong>eo</strong></span> 
     </span>
     <span class='ocr_line' id='line_1_8' title="bbox 84 1153 1172 1232; baseline 0.003 -18"><span class='ocrx_word' id='word_1_65' title='bbox 84 1153 266 1232; x_wconf 86' lang='lat' dir='ltr'><strong>confitetur,</strong></span> <span class='ocrx_word' id='word_1_66' title='bbox 284 1153 380 1216; x_wconf 90' lang='lat' dir='ltr'><strong>fidem</strong></span> <span class='ocrx_word' id='word_1_67' title='bbox 393 1154 620 1216; x_wconf 90' lang='lat' dir='ltr'><strong>accommodari</strong></span> <span class='ocrx_word' id='word_1_68' title='bbox 632 1173 694 1215; x_wconf 92' lang='lat' dir='ltr'><strong>non</strong></span> <span class='ocrx_word' id='word_1_69' title='bbox 711 1156 875 1217; x_wconf 90' lang='lat' dir='ltr'><strong>conuenit:</strong></span> <span class='ocrx_word' id='word_1_70' title='bbox 894 1157 954 1216; x_wconf 92' lang='lat' dir='ltr'><strong>nisi</strong></span> <span class='ocrx_word' id='word_1_71' title='bbox 972 1155 1005 1217; x_wconf 96' lang='lat' dir='ltr'><strong>id</strong></span> <span class='ocrx_word' id='word_1_72' title='bbox 1019 1156 1099 1218; x_wconf 84' lang='lat' dir='ltr'><strong>forte</strong></span> <span class='ocrx_word' id='word_1_73' title='bbox 1114 1176 1172 1217; x_wconf 93' lang='lat' dir='ltr'><strong>ue-</strong></span> 
     </span>
     <span class='ocr_line' id='line_1_9' title="bbox 83 1239 1172 1322; baseline 0.004 -22"><span class='ocrx_word' id='word_1_74' title='bbox 83 1239 201 1302; x_wconf 87' lang='lat' dir='ltr'><strong>landae</strong></span> <span class='ocrx_word' id='word_1_75' title='bbox 218 1239 426 1302; x_wconf 87' lang='lat' dir='ltr'><strong>conscientiae</strong></span> <span class='ocrx_word' id='word_1_76' title='bbox 441 1259 515 1302; x_wconf 91' lang='lat' dir='ltr'><strong>suae</strong></span> <span class='ocrx_word' id='word_1_77' title='bbox 532 1240 641 1321; x_wconf 77' lang='lat' dir='ltr'><strong>gratia,</strong></span> <span class='ocrx_word' id='word_1_78' title='bbox 661 1259 753 1321; x_wconf 91' lang='lat' dir='ltr'><strong>quam</strong></span> <span class='ocrx_word' id='word_1_79' title='bbox 767 1261 837 1304; x_wconf 92' lang='lat' dir='ltr'><strong>cum</strong></span> <span class='ocrx_word' id='word_1_80' title='bbox 854 1260 908 1302; x_wconf 90' lang='lat' dir='ltr'><strong>reo</strong></span> <span class='ocrx_word' id='word_1_81' title='bbox 919 1241 1040 1322; x_wconf 87' lang='lat' dir='ltr'><strong>habuit,</strong></span> <span class='ocrx_word' id='word_1_82' title='bbox 1059 1242 1172 1304; x_wconf 87' lang='lat' dir='ltr'><strong>iecisse</strong></span> 
     </span>
     <span class='ocr_line' id='line_1_10' title="bbox 82 1325 250 1388; baseline -0.012 0"><span class='ocrx_word' id='word_1_83' title='bbox 82 1325 250 1388; x_wconf 89' lang='lat' dir='ltr'><strong>doceatur.</strong></span> 
     </span>
    </p>

    <p class='ocr_par' dir='ltr' id='par_1_7' title="bbox 27 1413 1221 1579">
     <span class='ocr_line' id='line_1_11' title="bbox 27 1413 1221 1494; baseline 0 -20"><span class='ocrx_word' id='word_1_84' title='bbox 27 1416 58 1474; x_wconf 91' lang='grc'><strong>44</strong></span> <span class='ocrx_word' id='word_1_85' title='bbox 172 1413 282 1493; x_wconf 82' lang='lat' dir='ltr'>Neque</span> <span class='ocrx_word' id='word_1_86' title='bbox 298 1421 459 1474; x_wconf 85' lang='lat' dir='ltr'><strong>accusator</strong></span> <span class='ocrx_word' id='word_1_87' title='bbox 474 1431 531 1492; x_wconf 93' lang='lat' dir='ltr'><strong>per</strong></span> <span class='ocrx_word' id='word_1_88' title='bbox 547 1413 642 1474; x_wconf 91' lang='lat' dir='ltr'><strong>alium</strong></span> <span class='ocrx_word' id='word_1_89' title='bbox 659 1431 808 1476; x_wconf 89' lang='lat' dir='ltr'><strong>accusare</strong></span> <span class='ocrx_word' id='word_1_90' title='bbox 822 1431 928 1494; x_wconf 87' lang='lat' dir='ltr'><strong>neque</strong></span> <span class='ocrx_word' id='word_1_91' title='bbox 951 1432 1024 1475; x_wconf 88' lang='lat' dir='ltr'><strong>reus</strong></span> <span class='ocrx_word' id='word_1_92' title='bbox 1040 1433 1097 1494; x_wconf 87' lang='lat' dir='ltr'><strong>per</strong></span> <span class='ocrx_word' id='word_1_93' title='bbox 1112 1416 1171 1475; x_wconf 90' lang='lat' dir='ltr'><strong>ali·</strong></span> <span class='ocrx_word' id='word_1_94' title='bbox 1191 1430 1221 1474; x_wconf 79' lang='lat' dir='ltr'><strong>ro</strong></span> 
     </span>
     <span class='ocr_line' id='line_1_12' title="bbox 82 1493 1169 1579; baseline 0.001 -19"><span class='ocrx_word' id='word_1_95' title='bbox 82 1518 139 1560; x_wconf 95' lang='lat' dir='ltr'><strong>um</strong></span> <span class='ocrx_word' id='word_1_96' title='bbox 157 1497 285 1560; x_wconf 86' lang='lat' dir='ltr'><strong>delendi</strong></span> <span class='ocrx_word' id='word_1_97' title='bbox 302 1506 421 1577; x_wconf 86' lang='lat' dir='ltr'><strong>potest,</strong></span> <span class='ocrx_word' id='word_1_98' title='bbox 446 1499 507 1559; x_wconf 90' lang='lat' dir='ltr'><strong>nisi</strong></span> <span class='ocrx_word' id='word_1_99' title='bbox 531 1500 689 1578; x_wconf 78' lang='lat' dir='ltr'><strong>ingratum</strong></span> <span class='ocrx_word' id='word_1_100' title='bbox 704 1498 855 1560; x_wconf 90' lang='lat' dir='ltr'><strong>libertum</strong></span> <span class='ocrx_word' id='word_1_101' title='bbox 876 1493 1028 1579; x_wconf 82' lang='lat' dir='ltr'><strong>patronus</strong></span> <span class='ocrx_word' id='word_1_102' title='bbox 1043 1511 1169 1561; x_wconf 86' lang='lat' dir='ltr'><strong>accuset</strong></span> 
     </span>
    </p>

    <p class='ocr_par' dir='ltr' id='par_1_8' title="bbox 13 1582 1170 1750">
     <span class='ocr_line' id='line_1_13' title="bbox 13 1582 1168 1666; baseline 0.002 -20"><span class='ocrx_word' id='word_1_103' title='bbox 13 1585 64 1646; x_wconf 78' lang='grc'><strong>444</strong></span> <span class='ocrx_word' id='word_1_104' title='bbox 81 1595 138 1647; x_wconf 88' lang='lat' dir='ltr'><strong>aut</strong></span> <span class='ocrx_word' id='word_1_105' title='bbox 151 1586 199 1646; x_wconf 89' lang='lat' dir='ltr'><strong>rei</strong></span> <span class='ocrx_word' id='word_1_106' title='bbox 211 1584 355 1646; x_wconf 87' lang='lat' dir='ltr'><strong>absentia</strong></span> <span class='ocrx_word' id='word_1_107' title='bbox 367 1582 568 1646; x_wconf 77' lang='lat' dir='ltr'><strong>defendatur.</strong></span> <span class='ocrx_word' id='word_1_108' title='bbox 592 1583 621 1644; x_wconf 84' lang='lat'><strong>*.</strong></span> <span class='ocrx_word' id='word_1_109' title='bbox 639 1632 646 1646; x_wconf 91' lang='lat'><strong>.</strong></span> <span class='ocrx_word' id='word_1_110' title='bbox 664 1631 671 1645; x_wconf 91' lang='lat'><strong>.</strong></span> <span class='ocrx_word' id='word_1_111' title='bbox 686 1585 739 1645; x_wconf 87' lang='lat' dir='ltr'><strong>alii</strong></span> <span class='ocrx_word' id='word_1_112' title='bbox 752 1594 879 1666; x_wconf 89' lang='lat' dir='ltr'><strong>propter</strong></span> <span class='ocrx_word' id='word_1_113' title='bbox 891 1585 1104 1666; x_wconf 83' lang='lat' dir='ltr'><strong>suspicionem</strong></span> <span class='ocrx_word' id='word_1_114' title='bbox 1117 1605 1168 1648; x_wconf 88' lang='lat' dir='ltr'><strong>ca-</strong></span> 
     </span>
     <span class='ocr_line' id='line_1_14' title="bbox 80 1669 1170 1750; baseline 0.001 -18"><span class='ocrx_word' id='word_1_115' title='bbox 80 1670 252 1749; x_wconf 84' lang='lat' dir='ltr'><strong>*lumniae,</strong></span> <span class='ocrx_word' id='word_1_116' title='bbox 272 1681 307 1732; x_wconf 93' lang='lat' dir='ltr'><strong>ut</strong></span> <span class='ocrx_word' id='word_1_117' title='bbox 320 1671 364 1731; x_wconf 93' lang='lat' dir='ltr'><strong>illi</strong></span> <span class='ocrx_word' id='word_1_118' title='bbox 381 1671 436 1750; x_wconf 92' lang='lat' dir='ltr'><strong>qui</strong></span> <span class='ocrx_word' id='word_1_119' title='bbox 452 1669 565 1732; x_wconf 87' lang='lat' dir='ltr'><strong>laisum</strong></span> <span class='ocrx_word' id='word_1_120' title='bbox 581 1673 796 1744; x_wconf 89' lang='lat' dir='ltr'><strong>testimonium</strong></span> <span class='ocrx_word' id='word_1_121' title='bbox 811 1670 973 1733; x_wconf 90' lang='lat' dir='ltr'><strong>subornati</strong></span> <span class='ocrx_word' id='word_1_122' title='bbox 984 1669 1170 1733; x_wconf 82' lang='lat' dir='ltr'><strong>dixerunt*</strong></span> 
     </span>
    </p>

    <p class='ocr_par' dir='ltr' id='par_1_9' title="bbox 26 1755 1218 1923">
     <span class='ocr_line' id='line_1_15' title="bbox 26 1755 1167 1838; baseline 0.002 -21"><span class='ocrx_word' id='word_1_123' title='bbox 26 1759 62 1820; x_wconf 76' lang='lat' dir='ltr'><strong>ii</strong></span> <span class='ocrx_word' id='word_1_124' title='bbox 81 1757 114 1819; x_wconf 88' lang='lat' dir='ltr'><strong>Si</strong></span> <span class='ocrx_word' id='word_1_125' title='bbox 131 1758 268 1838; x_wconf 90' lang='lat' dir='ltr'><strong>pecunia</strong></span> <span class='ocrx_word' id='word_1_126' title='bbox 291 1755 365 1818; x_wconf 86' lang='lat' dir='ltr'><strong>data</strong></span> <span class='ocrx_word' id='word_1_127' title='bbox 381 1756 476 1818; x_wconf 91' lang='lat' dir='ltr'><strong>iudici</strong></span> <span class='ocrx_word' id='word_1_128' title='bbox 500 1775 573 1818; x_wconf 92' lang='lat' dir='ltr'><strong>reus</strong></span> <span class='ocrx_word' id='word_1_129' title='bbox 596 1755 757 1818; x_wconf 92' lang='lat' dir='ltr'><strong>absolutus</strong></span> <span class='ocrx_word' id='word_1_130' title='bbox 780 1775 849 1818; x_wconf 92' lang='lat' dir='ltr'><strong>esse</strong></span> <span class='ocrx_word' id='word_1_131' title='bbox 872 1757 996 1819; x_wconf 87' lang='lat' dir='ltr'><strong>dicatur</strong></span> <span class='ocrx_word' id='word_1_132' title='bbox 1016 1756 1113 1837; x_wconf 91' lang='lat' dir='ltr'><strong>idque</strong></span> <span class='ocrx_word' id='word_1_133' title='bbox 1135 1759 1167 1819; x_wconf 93' lang='lat' dir='ltr'><strong>in</strong></span> 
     </span>
     <span class='ocr_line' id='line_1_16' title="bbox 80 1841 1218 1923; baseline 0.001 -19"><span class='ocrx_word' id='word_1_134' title='bbox 80 1863 159 1904; x_wconf 91' lang='lat' dir='ltr'><strong>eum</strong></span> <span class='ocrx_word' id='word_1_135' title='bbox 171 1842 269 1904; x_wconf 86' lang='lat' dir='ltr'><strong>fuerit</strong></span> <span class='ocrx_word' id='word_1_136' title='bbox 284 1841 530 1923; x_wconf 89' lang='lat' dir='ltr'><strong>comprobatum,</strong></span> <span class='ocrx_word' id='word_1_137' title='bbox 549 1861 585 1904; x_wconf 89' lang='lat' dir='ltr'><strong>ea</strong></span> <span class='ocrx_word' id='word_1_138' title='bbox 596 1861 698 1922; x_wconf 91' lang='lat' dir='ltr'><strong>poena</strong></span> <span class='ocrx_word' id='word_1_139' title='bbox 713 1842 892 1922; x_wconf 81' lang='lat' dir='ltr'><strong>damnatur,</strong></span> <span class='ocrx_word' id='word_1_140' title='bbox 910 1861 972 1923; x_wconf 89' lang='lat' dir='ltr'><strong>qua</strong></span> <span class='ocrx_word' id='word_1_141' title='bbox 989 1862 1063 1905; x_wconf 88' lang='lat' dir='ltr'><strong>reus</strong></span> <span class='ocrx_word' id='word_1_142' title='bbox 1078 1843 1169 1906; x_wconf 91' lang='lat' dir='ltr'><strong>dam·</strong></span> <span class='ocrx_word' id='word_1_143' title='bbox 1187 1859 1218 1905; x_wconf 80' lang='grc'><strong>45</strong></span> 
     </span>
    </p>

    <p class='ocr_par' dir='ltr' id='par_1_10' title="bbox 26 1929 1166 2010">
     <span class='ocr_line' id='line_1_17' title="bbox 26 1929 1166 2010; baseline 0.004 -22"><span class='ocrx_word' id='word_1_144' title='bbox 26 1931 60 1990; x_wconf 86' lang='grc'><strong>43</strong></span> <span class='ocrx_word' id='word_1_145' title='bbox 78 1929 151 1991; x_wconf 88' lang='lat' dir='ltr'><strong>nari</strong></span> <span class='ocrx_word' id='word_1_146' title='bbox 170 1929 332 2010; x_wconf 90' lang='lat' dir='ltr'><strong>potuisset.</strong></span> <span class='ocrx_word' id='word_1_147' title='bbox 379 1929 413 1988; x_wconf 93' lang='lat' dir='ltr'><strong>ln</strong></span> <span class='ocrx_word' id='word_1_148' title='bbox 431 1929 609 1990; x_wconf 89' lang='lat' dir='ltr'><strong>conuictum</strong></span> <span class='ocrx_word' id='word_1_149' title='bbox 625 1947 725 2008; x_wconf 83' lang='lat' dir='ltr'><strong>reum,</strong></span> <span class='ocrx_word' id='word_1_150' title='bbox 743 1930 811 1990; x_wconf 90' lang='lat' dir='ltr'><strong>siue</strong></span> <span class='ocrx_word' id='word_1_151' title='bbox 827 1930 969 2009; x_wconf 76' lang='lat' dir='ltr'><strong>torqueri</strong></span> <span class='ocrx_word' id='word_1_152' title='bbox 983 1930 1082 2010; x_wconf 91' lang='lat' dir='ltr'><strong>possit</strong></span> <span class='ocrx_word' id='word_1_153' title='bbox 1097 1931 1166 1992; x_wconf 92' lang='lat' dir='ltr'><strong>siue</strong></span> 
     </span>
    </p>

    <p class='ocr_par' dir='ltr' id='par_1_11' title="bbox 25 2013 1167 2180">
     <span class='ocr_line' id='line_1_18' title="bbox 25 2013 1167 2096; baseline 0.001 -20"><span class='ocrx_word' id='word_1_154' title='bbox 25 2017 60 2077; x_wconf 88' lang='lat' dir='ltr'><strong>ll</strong></span> <span class='ocrx_word' id='word_1_155' title='bbox 79 2033 145 2077; x_wconf 89' lang='lat' dir='ltr'><strong>non</strong></span> <span class='ocrx_word' id='word_1_156' title='bbox 162 2015 278 2096; x_wconf 91' lang='lat' dir='ltr'><strong>possit,</strong></span> <span class='ocrx_word' id='word_1_157' title='bbox 303 2033 360 2095; x_wconf 91' lang='lat' dir='ltr'><strong>pro</strong></span> <span class='ocrx_word' id='word_1_158' title='bbox 374 2013 465 2076; x_wconf 90' lang='lat' dir='ltr'><strong>modo</strong></span> <span class='ocrx_word' id='word_1_159' title='bbox 480 2013 610 2076; x_wconf 82' lang='lat' dir='ltr'><strong>admissi</strong></span> <span class='ocrx_word' id='word_1_160' title='bbox 626 2015 755 2076; x_wconf 87' lang='lat' dir='ltr'><strong>sceleris</strong></span> <span class='ocrx_word' id='word_1_161' title='bbox 770 2015 973 2077; x_wconf 85' lang='lat' dir='ltr'><strong>statuendum</strong></span> <span class='ocrx_word' id='word_1_162' title='bbox 988 2024 1046 2077; x_wconf 90' lang='lat' dir='ltr'><strong>est.</strong></span> <span class='ocrx_word' id='word_1_163' title='bbox 1093 2017 1167 2078; x_wconf 89' lang='lat' dir='ltr'><strong>Reis</strong></span> 
     </span>
     <span class='ocr_line' id='line_1_19' title="bbox 79 2099 1166 2180; baseline 0 -18"><span class='ocrx_word' id='word_1_164' title='bbox 79 2101 150 2162; x_wconf 92' lang='lat' dir='ltr'><strong>suis</strong></span> <span class='ocrx_word' id='word_1_165' title='bbox 177 2099 275 2162; x_wconf 90' lang='lat' dir='ltr'><strong>edere</strong></span> <span class='ocrx_word' id='word_1_166' title='bbox 305 2102 437 2161; x_wconf 88' lang='lat' dir='ltr'><strong>crimina</strong></span> <span class='ocrx_word' id='word_1_167' title='bbox 466 2109 662 2162; x_wconf 78' lang='lat' dir='ltr'><strong>accusatores</strong></span> <span class='ocrx_word' id='word_1_168' title='bbox 688 2100 818 2180; x_wconf 81' lang='lat' dir='ltr'><strong>cogendi</strong></span> <span class='ocrx_word' id='word_1_169' title='bbox 845 2099 935 2162; x_wconf 90' lang='lat' dir='ltr'><strong>s&#39;unt:</strong></span> <span class='ocrx_word' id='word_1_170' title='bbox 968 2102 1050 2163; x_wconf 89' lang='lat' dir='ltr'><strong>scire</strong></span> <span class='ocrx_word' id='word_1_171' title='bbox 1081 2102 1166 2164; x_wconf 92' lang='lat' dir='ltr'><strong>enim</strong></span> 
     </span>
    </p>

    <p class='ocr_par' dir='ltr' id='par_1_12' title="bbox 24 2186 1216 2612">
     <span class='ocr_line' id='line_1_20' title="bbox 24 2186 1166 2267; baseline 0.003 -20"><span class='ocrx_word' id='word_1_172' title='bbox 24 2189 60 2248; x_wconf 85' lang='grc'><strong>45</strong></span> <span class='ocrx_word' id='word_1_173' title='bbox 78 2195 215 2267; x_wconf 83' lang='lat' dir='ltr'><strong>oportet,</strong></span> <span class='ocrx_word' id='word_1_174' title='bbox 240 2186 357 2266; x_wconf 93' lang='lat' dir='ltr'><strong>quibus</strong></span> <span class='ocrx_word' id='word_1_175' title='bbox 379 2189 442 2247; x_wconf 91' lang='lat' dir='ltr'><strong>sint</strong></span> <span class='ocrx_word' id='word_1_176' title='bbox 456 2186 641 2248; x_wconf 87' lang='lat' dir='ltr'><strong>criminibus</strong></span> <span class='ocrx_word' id='word_1_177' title='bbox 656 2188 850 2266; x_wconf 88' lang='lat' dir='ltr'><strong>responsuri.</strong></span> <span class='ocrx_word' id='word_1_178' title='bbox 880 2187 1105 2267; x_wconf 78' lang='lat' dir='ltr'><strong>*Cogniturum</strong></span> <span class='ocrx_word' id='word_1_179' title='bbox 1126 2188 1166 2250; x_wconf 93' lang='lat' dir='ltr'><strong>de</strong></span> 
     </span>
     <span class='ocr_line' id='line_1_21' title="bbox 79 2270 1216 2353; baseline 0.001 -19"><span class='ocrx_word' id='word_1_180' title='bbox 79 2272 287 2334; x_wconf 75' lang='lat' dir='ltr'><strong>*criminibus</strong></span> <span class='ocrx_word' id='word_1_181' title='bbox 303 2270 482 2352; x_wconf 85' lang='lat' dir='ltr'><strong>praesidem</strong></span> <span class='ocrx_word' id='word_1_182' title='bbox 497 2283 618 2352; x_wconf 89' lang='lat' dir='ltr'><strong>oportet</strong></span> <span class='ocrx_word' id='word_1_183' title='bbox 633 2283 705 2334; x_wconf 91' lang='lat' dir='ltr'><strong>ante</strong></span> <span class='ocrx_word' id='word_1_184' title='bbox 721 2272 805 2336; x_wconf 90' lang='lat' dir='ltr'><strong>diem</strong></span> <span class='ocrx_word' id='word_1_185' title='bbox 820 2274 924 2353; x_wconf 91' lang='lat' dir='ltr'><strong>palam</strong></span> <span class='ocrx_word' id='word_1_186' title='bbox 943 2274 1046 2335; x_wconf 91' lang='lat' dir='ltr'><strong>iacere</strong></span> <span class='ocrx_word' id='word_1_187' title='bbox 1062 2283 1167 2336; x_wconf 89' lang='lat' dir='ltr'><strong>custo·</strong></span> <span class='ocrx_word' id='word_1_188' title='bbox 1185 2291 1216 2336; x_wconf 82' lang='lat' dir='ltr'><strong>so</strong></span> 
     </span>
     <span class='ocr_line' id='line_1_22' title="bbox 77 2357 1167 2438; baseline 0.002 -18"><span class='ocrx_word' id='word_1_189' title='bbox 77 2357 167 2422; x_wconf 82' lang='lat' dir='ltr'><strong>*dias</strong></span> <span class='ocrx_word' id='word_1_190' title='bbox 183 2377 217 2420; x_wconf 91' lang='lat' dir='ltr'><strong>se</strong></span> <span class='ocrx_word' id='word_1_191' title='bbox 232 2358 427 2438; x_wconf 86' lang='lat' dir='ltr'><strong>auditurum,</strong></span> <span class='ocrx_word' id='word_1_192' title='bbox 444 2376 486 2419; x_wconf 90' lang='lat' dir='ltr'><strong>ne</strong></span> <span class='ocrx_word' id='word_1_193' title='bbox 501 2358 544 2436; x_wconf 90' lang='lat' dir='ltr'><strong>hi,</strong></span> <span class='ocrx_word' id='word_1_194' title='bbox 563 2360 617 2438; x_wconf 89' lang='lat' dir='ltr'><strong>qui</strong></span> <span class='ocrx_word' id='word_1_195' title='bbox 634 2358 828 2421; x_wconf 79' lang='lat' dir='ltr'><strong>defendendi</strong></span> <span class='ocrx_word' id='word_1_196' title='bbox 840 2370 924 2438; x_wconf 90' lang='lat' dir='ltr'><strong>sunt,</strong></span> <span class='ocrx_word' id='word_1_197' title='bbox 942 2358 1057 2422; x_wconf 77' lang='lat' dir='ltr'><strong>subitis</strong></span> <span class='ocrx_word' id='word_1_198' title='bbox 1072 2379 1167 2423; x_wconf 91' lang='lat' dir='ltr'><strong>accu-</strong></span> 
     </span>
     <span class='ocr_line' id='line_1_23' title="bbox 76 2443 1166 2527; baseline 0.002 -21"><span class='ocrx_word' id='word_1_199' title='bbox 76 2445 238 2507; x_wconf 83' lang='lat' dir='ltr'><strong>*satorum</strong></span> <span class='ocrx_word' id='word_1_200' title='bbox 250 2443 436 2506; x_wconf 88' lang='lat' dir='ltr'><strong>criminibus</strong></span> <span class='ocrx_word' id='word_1_201' title='bbox 448 2445 684 2525; x_wconf 81' lang='lat' dir='ltr'><strong>opprimantur:</strong></span> <span class='ocrx_word' id='word_1_202' title='bbox 701 2448 846 2525; x_wconf 91' lang='lat' dir='ltr'><strong>quamuis</strong></span> <span class='ocrx_word' id='word_1_203' title='bbox 858 2445 1074 2508; x_wconf 82' lang='lat' dir='ltr'><strong>defensionem</strong></span> <span class='ocrx_word' id='word_1_204' title='bbox 1086 2464 1166 2527; x_wconf 83' lang='lat' dir='ltr'><strong>quo-</strong></span> 
     </span>
     <span class='ocr_line' id='line_1_24' title="bbox 76 2530 1165 2612; baseline 0.001 -21"><span class='ocrx_word' id='word_1_205' title='bbox 76 2530 236 2611; x_wconf 86' lang='lat' dir='ltr'><strong>*cumque</strong></span> <span class='ocrx_word' id='word_1_206' title='bbox 259 2539 399 2611; x_wconf 90' lang='lat' dir='ltr'><strong>tempore</strong></span> <span class='ocrx_word' id='word_1_207' title='bbox 414 2531 593 2609; x_wconf 89' lang='lat' dir='ltr'><strong>postulante</strong></span> <span class='ocrx_word' id='word_1_208' title='bbox 609 2550 662 2592; x_wconf 89' lang='lat' dir='ltr'><strong>reo</strong></span> <span class='ocrx_word' id='word_1_209' title='bbox 678 2532 786 2612; x_wconf 82' lang='lat' dir='ltr'><strong>negari</strong></span> <span class='ocrx_word' id='word_1_210' title='bbox 802 2551 865 2592; x_wconf 93' lang='lat' dir='ltr'><strong>non</strong></span> <span class='ocrx_word' id='word_1_211' title='bbox 880 2541 1017 2611; x_wconf 86' lang='lat' dir='ltr'><strong>oportet,</strong></span> <span class='ocrx_word' id='word_1_212' title='bbox 1036 2530 1114 2594; x_wconf 91' lang='lat' dir='ltr'><strong>adeo</strong></span> <span class='ocrx_word' id='word_1_213' title='bbox 1130 2541 1165 2594; x_wconf 95' lang='lat' dir='ltr'><strong>ut</strong></span> 
     </span>
    </p>

    <p class='ocr_par' dir='ltr' id='par_1_13' title="bbox 22 2616 1213 2783">
     <span class='ocr_line' id='line_1_25' title="bbox 22 2616 1163 2699; baseline 0.003 -23"><span class='ocrx_word' id='word_1_214' title='bbox 22 2617 58 2677; x_wconf 87' lang='grc'><strong>46</strong></span> <span class='ocrx_word' id='word_1_215' title='bbox 75 2616 265 2699; x_wconf 83' lang='lat' dir='ltr'><strong>*propterea</strong></span> <span class='ocrx_word' id='word_1_216' title='bbox 282 2627 313 2678; x_wconf 92' lang='lat' dir='ltr'><strong>et</strong></span> <span class='ocrx_word' id='word_1_217' title='bbox 325 2616 514 2678; x_wconf 86' lang='lat' dir='ltr'><strong>differantur</strong></span> <span class='ocrx_word' id='word_1_218' title='bbox 529 2626 560 2678; x_wconf 89' lang='lat' dir='ltr'><strong>et</strong></span> <span class='ocrx_word' id='word_1_219' title='bbox 574 2616 777 2698; x_wconf 80' lang='lat' dir='ltr'><strong>proferantur</strong></span> <span class='ocrx_word' id='word_1_220' title='bbox 791 2616 963 2680; x_wconf 88' lang='lat' dir='ltr'><strong>custodiae.</strong></span> <span class='ocrx_word' id='word_1_221' title='bbox 997 2617 1163 2679; x_wconf 81' lang='lat' dir='ltr'><strong>Custodiae</strong></span> 
     </span>
     <span class='ocr_line' id='line_1_26' title="bbox 75 2700 1213 2783; baseline 0.002 -20"><span class='ocrx_word' id='word_1_222' title='bbox 75 2700 163 2764; x_wconf 79' lang='lat' dir='ltr'><strong>*non</strong></span> <span class='ocrx_word' id='word_1_223' title='bbox 179 2703 278 2764; x_wconf 88' lang='lat' dir='ltr'><strong>solum</strong></span> <span class='ocrx_word' id='word_1_224' title='bbox 295 2722 353 2783; x_wconf 92' lang='lat' dir='ltr'><strong>pro</strong></span> <span class='ocrx_word' id='word_1_225' title='bbox 371 2701 540 2780; x_wconf 84' lang='lat' dir='ltr'><strong>tribunali,</strong></span> <span class='ocrx_word' id='word_1_226' title='bbox 565 2702 622 2765; x_wconf 91' lang='lat' dir='ltr'><strong>sed</strong></span> <span class='ocrx_word' id='word_1_227' title='bbox 639 2713 669 2765; x_wconf 89' lang='lat' dir='ltr'><strong>et</strong></span> <span class='ocrx_word' id='word_1_228' title='bbox 685 2702 725 2764; x_wconf 91' lang='lat' dir='ltr'><strong>de</strong></span> <span class='ocrx_word' id='word_1_229' title='bbox 740 2704 834 2783; x_wconf 90' lang='lat' dir='ltr'><strong>plano</strong></span> <span class='ocrx_word' id='word_1_230' title='bbox 849 2703 952 2765; x_wconf 90' lang='lat' dir='ltr'><strong>audiri</strong></span> <span class='ocrx_word' id='word_1_231' title='bbox 967 2711 1100 2782; x_wconf 92' lang='lat' dir='ltr'><strong>possunt</strong></span> <span class='ocrx_word' id='word_1_232' title='bbox 1115 2714 1163 2764; x_wconf 90' lang='lat' dir='ltr'><strong>at·</strong></span> <span class='ocrx_word' id='word_1_233' title='bbox 1182 2719 1213 2766; x_wconf 79' lang='grc'><strong>44</strong></span> 
     </span>
    </p>

    <p class='ocr_par' dir='ltr' id='par_1_14' title="bbox 22 2787 1163 3127">
     <span class='ocr_line' id='line_1_27' title="bbox 22 2787 1163 2870; baseline 0.003 -22"><span class='ocrx_word' id='word_1_234' title='bbox 22 2789 57 2849; x_wconf 84' lang='grc'><strong>47</strong></span> <span class='ocrx_word' id='word_1_235' title='bbox 75 2787 161 2870; x_wconf 81' lang='lat' dir='ltr'><strong>*que</strong></span> <span class='ocrx_word' id='word_1_236' title='bbox 178 2788 332 2850; x_wconf 89' lang='lat' dir='ltr'><strong>damnari.</strong></span> <span class='ocrx_word' id='word_1_237' title='bbox 372 2789 406 2848; x_wconf 94' lang='lat' dir='ltr'><strong>ln</strong></span> <span class='ocrx_word' id='word_1_238' title='bbox 421 2790 616 2869; x_wconf 88' lang='lat' dir='ltr'><strong>pecuniariis</strong></span> <span class='ocrx_word' id='word_1_239' title='bbox 631 2790 733 2851; x_wconf 91' lang='lat' dir='ltr'><strong>causis</strong></span> <span class='ocrx_word' id='word_1_240' title='bbox 748 2789 890 2851; x_wconf 78' lang='lat' dir='ltr'><strong>omnibus</strong></span> <span class='ocrx_word' id='word_1_241' title='bbox 905 2787 1012 2850; x_wconf 89' lang='lat' dir='ltr'><strong>dilatio</strong></span> <span class='ocrx_word' id='word_1_242' title='bbox 1031 2790 1163 2869; x_wconf 81' lang='lat' dir='ltr'><strong>singulis</strong></span> 
     </span>
     <span class='ocr_line' id='line_1_28' title="bbox 74 2872 1161 2958; baseline -0.002 -20"><span class='ocrx_word' id='word_1_243' title='bbox 74 2874 201 2938; x_wconf 76' lang='lat' dir='ltr'><strong>*causis</strong></span> <span class='ocrx_word' id='word_1_244' title='bbox 228 2875 301 2954; x_wconf 91' lang='lat' dir='ltr'><strong>plus</strong></span> <span class='ocrx_word' id='word_1_245' title='bbox 330 2875 428 2936; x_wconf 90' lang='lat' dir='ltr'><strong>semel</strong></span> <span class='ocrx_word' id='word_1_246' title='bbox 451 2872 549 2935; x_wconf 95' lang='lat' dir='ltr'><strong>tribui</strong></span> <span class='ocrx_word' id='word_1_247' title='bbox 565 2895 628 2936; x_wconf 89' lang='lat' dir='ltr'><strong>non</strong></span> <span class='ocrx_word' id='word_1_248' title='bbox 649 2885 770 2958; x_wconf 88' lang='lat' dir='ltr'><strong>potest:</strong></span> <span class='ocrx_word' id='word_1_249' title='bbox 797 2876 830 2936; x_wconf 93' lang='lat' dir='ltr'><strong>in</strong></span> <span class='ocrx_word' id='word_1_250' title='bbox 852 2875 1040 2955; x_wconf 87' lang='lat' dir='ltr'><strong>capitalibus</strong></span> <span class='ocrx_word' id='word_1_251' title='bbox 1056 2883 1161 2936; x_wconf 91' lang='lat' dir='ltr'><strong>autem</strong></span> 
     </span>
     <span class='ocr_line' id='line_1_29' title="bbox 73 2959 1162 3041; baseline -0.001 -19"><span class='ocrx_word' id='word_1_252' title='bbox 73 2959 150 3022; x_wconf 78' lang='lat' dir='ltr'><strong>*reo</strong></span> <span class='ocrx_word' id='word_1_253' title='bbox 167 2969 232 3022; x_wconf 91' lang='lat' dir='ltr'><strong>tres</strong></span> <span class='ocrx_word' id='word_1_254' title='bbox 245 2960 421 3038; x_wconf 64' lang='lat' dir='ltr'><strong>dilationes</strong></span> <span class='ocrx_word' id='word_1_255' title='bbox 440 2963 610 3022; x_wconf 90' lang='lat' dir='ltr'><strong>accusatori</strong></span> <span class='ocrx_word' id='word_1_256' title='bbox 624 2961 704 3023; x_wconf 91' lang='lat' dir='ltr'><strong>duae</strong></span> <span class='ocrx_word' id='word_1_257' title='bbox 720 2959 787 3022; x_wconf 92' lang='lat' dir='ltr'><strong>dari</strong></span> <span class='ocrx_word' id='word_1_258' title='bbox 800 2971 949 3041; x_wconf 89' lang='lat' dir='ltr'><strong>possunt:</strong></span> <span class='ocrx_word' id='word_1_259' title='bbox 969 2959 1026 3022; x_wconf 91' lang='lat' dir='ltr'><strong>sed</strong></span> <span class='ocrx_word' id='word_1_260' title='bbox 1038 2971 1162 3022; x_wconf 89' lang='lat' dir='ltr'><strong>utrum-</strong></span> 
     </span>
     <span class='ocr_line' id='line_1_30' title="bbox 72 3045 439 3127; baseline -0.005 -19"><span class='ocrx_word' id='word_1_261' title='bbox 72 3048 159 3127; x_wconf 80' lang='lat' dir='ltr'><strong>*que</strong></span> <span class='ocrx_word' id='word_1_262' title='bbox 175 3065 267 3108; x_wconf 90' lang='lat' dir='ltr'><strong>causa</strong></span> <span class='ocrx_word' id='word_1_263' title='bbox 283 3045 439 3126; x_wconf 74' lang='lat' dir='ltr'><strong>cognita*</strong></span> 
     </span>
    </p>
   </div>
   <div class='ocr_carea' id='block_1_4' title="bbox 74 3301 1163 3436">
    <p class='ocr_par' dir='ltr' id='par_1_15' title="bbox 74 3301 1163 3436">
     <span class='ocr_line' id='line_1_31' title="bbox 145 3301 1163 3371; baseline 0 -18"><span class='ocrx_word' id='word_1_264' title='bbox 145 3302 497 3367; x_wconf 72' lang='lat' dir='ltr'><strong>m‚m²=ni9.ts,s‚s</strong></span> <span class='ocrx_word' id='word_1_265' title='bbox 540 3302 550 3365; x_wconf 79' lang='lat' dir='ltr'><strong>u</strong></span> <span class='ocrx_word' id='word_1_266' title='bbox 594 3303 1117 3368; x_wconf 68' lang='lat' dir='ltr'><strong>m,m.⁴o=ui9.is,m,m,e.m</strong></span> <span class='ocrx_word' id='word_1_267' title='bbox 1152 3301 1163 3371; x_wconf 80' lang='grc' dir='ltr'><strong>Ιι</strong></span> 
     </span>
     <span class='ocr_line' id='line_1_32' title="bbox 74 3372 433 3436; baseline -0.008 -13"><span class='ocrx_word' id='word_1_268' title='bbox 74 3372 433 3436; x_wconf 71' lang='lat' dir='ltr'><strong>io‚m=ui9.s,m,m</strong></span> 
     </span>
    </p>
   </div>
   <div class='ocr_carea' id='block_1_5' title="bbox 72 3508 754 3525">
    <p class='ocr_par' dir='ltr' id='par_1_16' title="bbox 72 3508 754 3525">
     <span class='ocr_line' id='line_1_33' title="bbox 72 3508 754 3525; baseline -0.003 -1"><span class='ocrx_word' id='word_1_269' title='bbox 72 3509 547 3525; x_wconf 56' lang='lat' dir='ltr'><strong>&#39;MWQWWAAMMM</strong></span> <span class='ocrx_word' id='word_1_270' title='bbox 552 3508 754 3522; x_wconf 56' lang='grc' dir='ltr'><strong>’ΧΑΛΛΛΙᾺΛΛᾹΛΛΛ</strong></span> 
     </span>
    </p>
   </div>
   <div class='ocr_carea' id='block_1_6' title="bbox 69 3627 1159 4038">
    <p class='ocr_par' dir='ltr' id='par_1_17' title="bbox 69 3627 1159 4038">
     <span class='ocr_line' id='line_1_34' title="bbox 143 3627 1159 3694; baseline 0.002 -16"><span class='ocrx_word' id='word_1_271' title='bbox 143 3633 176 3678; x_wconf 85' lang='grc'><strong>44</strong></span> <span class='ocrx_word' id='word_1_272' title='bbox 195 3631 254 3679; x_wconf 73' lang='lat' dir='ltr'><strong>imis</strong></span> <span class='ocrx_word' id='word_1_273' title='bbox 267 3643 282 3679; x_wconf 88' lang='lat' dir='ltr'><strong>o</strong></span> <span class='ocrx_word' id='word_1_274' title='bbox 295 3627 308 3694; x_wconf 67' lang='grc' dir='ltr'><strong>ξ</strong></span> <span class='ocrx_word' id='word_1_275' title='bbox 319 3633 346 3678; x_wconf 88' lang='grc'><strong>44</strong></span> <span class='ocrx_word' id='word_1_276' title='bbox 363 3635 480 3690; x_wconf 80' lang='lat' dir='ltr'><strong>cooperies</strong></span> <span class='ocrx_word' id='word_1_277' title='bbox 492 3629 624 3677; x_wconf 79' lang='lat' dir='ltr'><strong>rubricam</strong></span> <span class='ocrx_word' id='word_1_278' title='bbox 637 3628 671 3678; x_wconf 88' lang='lat' dir='ltr'><strong>de</strong></span> <span class='ocrx_word' id='word_1_279' title='bbox 683 3629 915 3681; x_wconf 87' lang='lat' dir='ltr'><strong>accusationibus:</strong></span> <span class='ocrx_word' id='word_1_280' title='bbox 931 3643 990 3680; x_wconf 82' lang='lat' dir='ltr'><strong>cum</strong></span> <span class='ocrx_word' id='word_1_281' title='bbox 1001 3635 1087 3681; x_wconf 82' lang='lat' dir='ltr'><strong>tomen</strong></span> <span class='ocrx_word' id='word_1_282' title='bbox 1101 3632 1159 3680; x_wconf 80' lang='lat' dir='ltr'><strong>Ius-</strong></span> 
     </span>
     <span class='ocr_line' id='line_1_35' title="bbox 71 3696 1159 3762; baseline -0.001 -13"><span class='ocrx_word' id='word_1_283' title='bbox 71 3696 274 3762; x_wconf 66' lang='lat' dir='ltr'><strong>briomilia.</strong></span> <span class='ocrx_word' id='word_1_284' title='bbox 297 3702 328 3746; x_wconf 88' lang='grc'><strong>46</strong></span> <span class='ocrx_word' id='word_1_285' title='bbox 359 3699 434 3748; x_wconf 81' lang='lat' dir='ltr'><strong>titolo</strong></span> <span class='ocrx_word' id='word_1_286' title='bbox 455 3696 489 3748; x_wconf 89' lang='lat' dir='ltr'><strong>de</strong></span> <span class='ocrx_word' id='word_1_287' title='bbox 513 3696 720 3760; x_wconf 87' lang='lat' dir='ltr'><strong>quaestionibus</strong></span> <span class='ocrx_word' id='word_1_288' title='bbox 743 3699 917 3760; x_wconf 75' lang='lat' dir='ltr'><strong>subdiderint,</strong></span> <span class='ocrx_word' id='word_1_289' title='bbox 950 3700 1048 3749; x_wconf 83' lang='lat' dir='ltr'><strong>Paulos</strong></span> <span class='ocrx_word' id='word_1_290' title='bbox 1071 3700 1159 3750; x_wconf 80' lang='lat' dir='ltr'><strong>titulos</strong></span> 
     </span>
     <span class='ocr_line' id='line_1_36' title="bbox 76 3767 1158 3832; baseline -0.002 -14"><span class='ocrx_word' id='word_1_291' title='bbox 76 3767 282 3832; x_wconf 69' lang='lat' dir='ltr'><strong>Wisipotborum</strong></span> <span class='ocrx_word' id='word_1_292' title='bbox 302 3771 412 3815; x_wconf 81' lang='grc'><strong>44-44</strong></span> <span class='ocrx_word' id='word_1_293' title='bbox 436 3768 541 3816; x_wconf 76' lang='lat' dir='ltr'><strong>uidetur</strong></span> <span class='ocrx_word' id='word_1_294' title='bbox 564 3768 640 3815; x_wconf 77' lang='lat' dir='ltr'><strong>unico</strong></span> <span class='ocrx_word' id='word_1_295' title='bbox 659 3767 732 3816; x_wconf 80' lang='lat' dir='ltr'><strong>titulo</strong></span> <span class='ocrx_word' id='word_1_296' title='bbox 750 3767 784 3816; x_wconf 91' lang='lat' dir='ltr'><strong>de</strong></span> <span class='ocrx_word' id='word_1_297' title='bbox 803 3767 1009 3831; x_wconf 89' lang='lat' dir='ltr'><strong>quaestionibus</strong></span> <span class='ocrx_word' id='word_1_298' title='bbox 1028 3767 1158 3818; x_wconf 88' lang='lat' dir='ltr'><strong>habendis</strong></span> 
     </span>
     <span class='ocr_line' id='line_1_37' title="bbox 70 3832 1159 3900; baseline -0.002 -13"><span class='ocrx_word' id='word_1_299' title='bbox 70 3837 224 3898; x_wconf 73' lang='lat' dir='ltr'><strong>complemus</strong></span> <span class='ocrx_word' id='word_1_300' title='bbox 236 3848 290 3884; x_wconf 83' lang='lat' dir='ltr'><strong>esse</strong></span> <span class='ocrx_word' id='word_1_301' title='bbox 319 3834 330 3898; x_wconf 84' lang='grc' dir='ltr'><strong>ΙΙ</strong></span> <span class='ocrx_word' id='word_1_302' title='bbox 362 3838 391 3882; x_wconf 69' lang='lat' dir='ltr'><strong>ti</strong></span> <span class='ocrx_word' id='word_1_303' title='bbox 405 3832 417 3898; x_wconf 67' lang='grc'><strong>4</strong></span> <span class='ocrx_word' id='word_1_304' title='bbox 433 3837 518 3884; x_wconf 62' lang='lat' dir='ltr'><strong>tirio</strong></span> <span class='ocrx_word' id='word_1_305' title='bbox 530 3833 589 3897; x_wconf 75' lang='lat' dir='ltr'><strong>Dip.</strong></span> <span class='ocrx_word' id='word_1_306' title='bbox 607 3836 648 3895; x_wconf 81' lang='grc'><strong>48,</strong></span> <span class='ocrx_word' id='word_1_307' title='bbox 662 3837 688 3896; x_wconf 74' lang='grc'><strong>4,</strong></span> <span class='ocrx_word' id='word_1_308' title='bbox 703 3838 716 3883; x_wconf 86' lang='lat'>8</span> <span class='ocrx_word' id='word_1_309' title='bbox 730 3836 769 3884; x_wconf 78' lang='lat' dir='ltr'><strong>iiis</strong></span> <span class='ocrx_word' id='word_1_310' title='bbox 782 3839 963 3886; x_wconf 74' lang='lat' dir='ltr'><strong>continuatur:</strong></span> <span class='ocrx_word' id='word_1_311' title='bbox 980 3835 1159 3900; x_wconf 90' lang='lat' dir='ltr'><strong>prohibentur</strong></span> 
     </span>
     <span class='ocr_line' id='line_1_38' title="bbox 69 3902 1158 3970; baseline 0 -16"><span class='ocrx_word' id='word_1_312' title='bbox 69 3919 203 3956; x_wconf 88' lang='lat' dir='ltr'><strong>accusare</strong></span> <span class='ocrx_word' id='word_1_313' title='bbox 215 3905 261 3954; x_wconf 87' lang='lat' dir='ltr'><strong>alii</strong></span> <span class='ocrx_word' id='word_1_314' title='bbox 274 3906 385 3970; x_wconf 88' lang='lat' dir='ltr'><strong>propter</strong></span> <span class='ocrx_word' id='word_1_315' title='bbox 396 3916 491 3954; x_wconf 83' lang='lat' dir='ltr'><strong>sexum</strong></span> <span class='ocrx_word' id='word_1_316' title='bbox 503 3902 548 3952; x_wconf 92' lang='lat' dir='ltr'><strong>uel</strong></span> <span class='ocrx_word' id='word_1_317' title='bbox 561 3904 677 3953; x_wconf 85' lang='lat' dir='ltr'><strong>aetatem</strong></span> <span class='ocrx_word' id='word_1_318' title='bbox 689 3905 737 3954; x_wconf 81' lang='lat' dir='ltr'><strong>rel.</strong></span> <span class='ocrx_word' id='word_1_319' title='bbox 777 3903 788 3967; x_wconf 75' lang='lat' dir='ltr'><strong>ll</strong></span> <span class='ocrx_word' id='word_1_320' title='bbox 831 3904 860 3952; x_wconf 88' lang='grc'><strong>44</strong></span> <span class='ocrx_word' id='word_1_321' title='bbox 875 3906 897 3954; x_wconf 91' lang='lat' dir='ltr'><strong>si</strong></span> <span class='ocrx_word' id='word_1_322' title='bbox 910 3906 1026 3968; x_wconf 87' lang='lat' dir='ltr'><strong>pecunia</strong></span> <span class='ocrx_word' id='word_1_323' title='bbox 1039 3904 1100 3954; x_wconf 88' lang='lat' dir='ltr'><strong>data</strong></span> <span class='ocrx_word' id='word_1_324' title='bbox 1114 3905 1158 3954; x_wconf 92' lang='lat' dir='ltr'><strong>iu-</strong></span> 
     </span>
     <span class='ocr_line' id='line_1_39' title="bbox 70 3971 1158 4038; baseline -0.001 -15"><span class='ocrx_word' id='word_1_325' title='bbox 70 3973 127 4024; x_wconf 89' lang='lat' dir='ltr'><strong>dici</strong></span> <span class='ocrx_word' id='word_1_326' title='bbox 141 3975 171 4034; x_wconf 86' lang='lat' dir='ltr'><strong>L,</strong></span> <span class='ocrx_word' id='word_1_327' title='bbox 186 3975 208 4024; x_wconf 91' lang='lat' dir='ltr'><strong>si</strong></span> <span class='ocrx_word' id='word_1_328' title='bbox 221 3977 316 4038; x_wconf 87' lang='lat' dir='ltr'><strong>postea</strong></span> <span class='ocrx_word' id='word_1_329' title='bbox 329 3971 558 4024; x_wconf 75' lang='lat' dir='ltr'><strong>dataaiudicild</strong></span> <span class='ocrx_word' id='word_1_330' title='bbox 585 3971 596 4036; x_wconf 81' lang='grc' dir='ltr'><strong>ΙΙ</strong></span> <span class='ocrx_word' id='word_1_331' title='bbox 627 3975 657 4021; x_wconf 71' lang='lat' dir='ltr'><strong>is</strong></span> <span class='ocrx_word' id='word_1_332' title='bbox 677 3972 823 4037; x_wconf 85' lang='lat' dir='ltr'><strong>postulanti</strong></span> <span class='ocrx_word' id='word_1_333' title='bbox 839 3974 976 4022; x_wconf 78' lang='lat' dir='ltr'><strong>Mommsen</strong></span> <span class='ocrx_word' id='word_1_334' title='bbox 1005 3974 1016 4036; x_wconf 79' lang='grc'><strong>14</strong></span> <span class='ocrx_word' id='word_1_335' title='bbox 1047 3977 1078 4023; x_wconf 75' lang='lat'><strong>26</strong></span> <span class='ocrx_word' id='word_1_336' title='bbox 1098 3987 1158 4023; x_wconf 92' lang='lat' dir='ltr'><strong>om-</strong></span> 
     </span>
    </p>
   </div>
   <div class='ocr_carea' id='block_1_7' title="bbox 70 4041 152 4094">
    <p class='ocr_par' dir='ltr' id='par_1_18' title="bbox 70 4041 152 4094">
     <span class='ocr_line' id='line_1_40' title="bbox 70 4041 152 4094; baseline 0 -2"><span class='ocrx_word' id='word_1_337' title='bbox 70 4045 114 4094; x_wconf 86' lang='lat' dir='ltr'><strong>nis</strong></span> <span class='ocrx_word' id='word_1_338' title='bbox 127 4041 152 4092; x_wconf 81' lang='lat' dir='ltr'>F</span> 
     </span>
    </p>
   </div>
   <div class='ocr_carea' id='block_1_8' title="bbox 0 0 1468 4888">
    <p class='ocr_par' dir='ltr' id='par_1_19' title="bbox 0 0 1468 4888">
     <span class='ocr_line' id='line_1_41' title="bbox 0 0 1468 4888; baseline 0 8"><span class='ocrx_word' id='word_1_339' title='bbox 0 0 1468 4888; x_wconf 95' lang='lat' dir='ltr'><strong> </strong></span> 
     </span>
    </p>
   </div>
  </div>
 </body>
</html>
