2926 4888
244 301 317 352 Paul.
332 301 364 362 V,
380 304 420 350 tt.
437 303 469 350 ta
622 333 708 346 --
755 299 815 362 120
859 333 944 345 ...-

240 488 354 552 ⁴'‘tionis
376 489 481 550 animo
509 489 676 569 pecuniam
700 486 856 550 iencrauit
884 505 1018 568 eamque
1049 487 1133 550 lilius
1155 489 1332 569 stipulatus

205 577 224 635 a
240 574 319 654 *333
338 577 406 655 ipso
421 575 490 636 iure
506 573 676 655 perfectam
689 573 890 636 donationem
906 573 1023 655 ambigi
1039 593 1102 636 non
1117 573 1253 654 potest*
1274 575 1326 652 Ei,

243 662 299 742 qui
321 661 459 741 aliquem
482 679 500 722 3
522 661 706 722 latrunculis
726 661 779 722 uel
796 659 939 722 hostibus
955 661 1089 741 eripuit,
1116 661 1149 722 43
1165 661 1330 722 infinitum

242 747 362 809 donare
377 765 440 808 non
463 746 651 828 prohibetur
671 745 707 829 (si
722 757 828 808 434333
844 745 969 808 donatio
986 754 1019 807 et
1040 765 1103 808 non
1120 765 1242 809 merces
1257 748 1331 808 exi-

243 835 298 894 mii
325 832 442 894 laboris
468 832 658 914 appellanda
684 831 764 914 334),
793 835 867 914 quia
894 832 1187 918 contemplationem
1214 833 1364 896 salutisa
1453 861 1454 874 1

244 927 330 982 33343
346 918 438 981 modo
454 920 613 982 aestimari
629 937 692 982 non
708 919 838 999 placuit.

524 1121 575 1205 [4444
619 1141 657 1184 nr
681 1143 747 1186 44443
772 1142 846 1187 34334
868 1145 903 1186 33
925 1123 1040 1206 333344]

194 1247 226 1306 4·
327 1242 381 1305 *ln
397 1242 540 1306 fraudem
563 1243 629 1305 fisci
651 1263 715 1306 non
737 1245 838 1306 solum
858 1244 1147 1326 perdonationem,
1173 1243 1233 1306 sod
1247 1264 1332 1325 333-

243 1331 398 1411 *cumque
433 1328 524 1392 modo
552 1349 603 1392 res
631 1330 784 1394 alienatae
814 1341 1015 1393 reuocentur.
1069 1329 1220 1410 idemque
1248 1332 1332 1393 iuris

242 1417 310 1478 *est
325 1426 357 1479 et
372 1418 399 1478 si
415 1435 477 1478 non
493 1426 680 1497 quaeratur:
700 1435 801 1497 aeque
821 1417 904 1478 enim
921 1419 952 1478 43
968 1415 1115 1478 omnihus
1130 1417 1215 1478 lraus
1231 1419 1330 1498 puni·
1353 1430 1383 1476 43
1453 1495 1454 1502 ¹

193 1499 226 1564 lb
242 1503 324 1564 *tur.
371 1503 456 1564 Bona
471 1521 597 1581 eorum,
621 1503 675 1582 334
692 1503 724 1564 43
741 1503 883 1565 custodia
898 1503 950 1565 uel
965 1504 999 1563 in
1020 1503 1158 1565 uinculis
1172 1503 1227 1564 uel
1242 1523 1333 1564 com-

242 1587 398 1670 *pedibus
431 1587 654 1667 decesserunt,
693 1588 867 1650 heredibus
897 1607 1007 1650 eorum
1031 1607 1094 1650 non
1124 1588 1327 1668 auferuntur,

195 1677 227 1736 qe
243 1673 331 1737 *siue
348 1682 460 1736 testato
475 1676 544 1737 siue
564 1675 710 1736 intestato
726 1674 943 1736 decesserunt.
990 1675 1067 1736 Eius
1082 1673 1174 1751 bona,
1194 1677 1250 1754 qui
1266 1675 1330 1736 sihi

242 1760 393 1823 *mortem
409 1761 572 1840 consciuit,
590 1779 652 1821 non
668 1769 740 1822 ante
757 1759 796 1822 ad
813 1760 922 1823 fiscum
939 1770 1107 1840 coguntur,
1127 1779 1222 1840 quam
1238 1763 1331 1841 prius
1453 1809 1454 1840 ,

208 1849 219 1908 4
244 1845 449 1925 433334443344,
467 1849 557 1909 cuius
572 1847 715 1908 criminis
730 1847 830 1926 gratia
846 1865 958 1909 manus
974 1845 1034 1908 sibi
1051 1843 1229 1908 intulerit*
1251 1849 1330 1909 Eius
1351 1859 1382 1904 43

244 1932 342 2012 bona,
368 1934 425 2013 qui
446 1932 507 1995 sibi
530 1931 571 1994 ob
586 1932 715 2014 aliquod
735 1932 907 1995 admissum
927 1933 1081 2012 flagitium
1103 1942 1237 1994 mortem
1253 1952 1331 1995 con-

244 2020 339 2081 sciuit
353 2029 385 2080 34
400 2037 513 2081 433333
528 2020 651 2098 4343444,
676 2019 750 2080 44333
767 2018 978 2081 uindicantur.
1025 2017 1110 2099 quod
1125 2021 1153 2080 si
1173 2018 1207 2080 id
1222 2019 1330 2081 taedio

244 2105 398 2167 34433334
419 2103 539 2185 pudore
562 2106 646 2167 33343
661 2105 758 2167 344334
780 2105 833 2168 334
855 2105 1050 2167 ualetudinis
1072 2105 1204 2167 alicuius
1226 2106 1331 2185 impa-

244 2192 356 2252 tientia
377 2190 518 2270 admisit,
542 2210 605 2252 non
628 2189 905 2272 inquietabuntur,
930 2189 988 2252 scd
1004 2190 1181 2253 ordinariae
1200 2209 1331 2254 succes-

194 2269 227 2336 l‘³
244 2277 325 2338 sioni
341 2275 578 2356 relinquuntur.
616 2275 660 2338 *A
675 2276 818 2338 debitore
834 2275 899 2338 fisci
916 2277 949 2338 in
964 2275 1107 2340 fraudem
1123 2276 1213 2338 datas
1228 2276 1330 2338 liber·
1348 2289 1380 2334 34

243 2361 342 2424 *tates
351 2363 469 2423 retrahi
479 2363 608 2442 placuit.
627 2381 702 2425 sane
714 2364 817 2443 ipsum
830 2364 872 2425 ita
881 2362 922 2424 ab
932 2363 992 2426 alio
1001 2382 1106 2426 334333
1118 2364 1325 2444 mancipium,

243 2446 298 2510 ⁴'‘ut
314 2450 523 2526 manumittat,
542 2467 604 2510 non
621 2458 669 2510 334
684 2447 894 2529 prohibitum:
920 2468 994 2528 ergo
1009 2460 1087 2511 tunc
1101 2458 1134 2511 34
1148 2447 1329 2511 libertatem

207 2534 423 2615 2*praestare
444 2533 575 2614 possit*
618 2535 654 2596 Ei
670 2537 766 2596 etiam
787 2535 878 2596 uelut
894 2535 1022 2614 indigno
1043 2535 1186 2597 aufertur
1200 2535 1329 2599 heredi-

244 2621 363 2701 433334
379 2620 514 2683 adfinem
530 2621 583 2684 uel
599 2630 775 2702 cognatum,
793 2622 843 2682 334
860 2622 928 2700 ipse
944 2621 984 2682 ab
1000 2621 1146 2683 intestato
1161 2640 1329 2707 33333333-

246 2716 397 2786 raserat,
416 2716 639 2771 4334334334343
659 2707 762 2769 433333
778 2706 940 2786 prohibuit
962 2716 1016 2770 aut
1031 2726 1071 2768 ne
1088 2707 1155 2769 4333
1171 2706 1330 2769 subsiste·
1347 2719 1380 2766 aa

193 2795 227 2856 2⁵
245 2802 293 2854 334
308 2813 438 2874 operam
449 2793 549 2855 dedit.
574 2792 752 2855 *Portiones
764 2811 891 2872 quoque
902 2812 1011 2855 eorum
1023 2793 1096 2854 fisco
1108 2791 1324 2872 uindicantur‚

244 2878 318 2959 *qui
334 2888 466 2942 mortem
487 2879 673 2941 libertorum
688 2887 835 2958 suspecto
854 2870 1077 2942 decedentium
1093 2898 1155 2940 non
1171 2877 1329 2942 deiende-

243 2964 354 3027 *runtz
379 2985 488 3027 omnes
505 2967 591 3028 33443
609 2964 745 3027 her-edes
757 2965 811 3026 uel
827 2967 949 3045 eosqui
965 2966 1031 3028 4333
1045 2965 1173 3027 heredis
1188 2973 1265 3026 sunt
1279 2964 1329 3027 ol-

862 3151 993 3165 ΛΑΛΛΛΛΜ

314 3235 917 3303 43,44-4ο.-.-33.44,44,43334443
959 3238 971 3302 u
1013 3238 1324 3302 ta,t=nta.te‚rt,

209 3379 217 3406 ·
243 3308 286 3418 ἐξ,
291 3303 491 3439 3,.941343334244
499 3327 531 3351 --
547 3308 606 3372 Dia.
621 3310 664 3368 49,
680 3310 721 3370 44,
737 3307 778 3370 ta,
793 3311 818 3370 3,
832 3307 865 3371 os.
878 3307 914 3371 fr.
930 3305 1166 3372 434333433544
1198 3307 1209 3371 ΙΙ
1240 3311 1325 3368 4344

313 3636 328 3682 t
346 3632 397 3697 est]
411 3635 437 3684 34
450 3633 472 3683 F
509 3632 521 3696 ΙΙ
561 3635 586 3684 ei
598 3635 646 3698 qui
657 3633 722 3697 333]
741 3634 764 3684 sl
776 3635 838 3698 quis
850 3633 968 3698 aliquem
980 3647 996 3684 3
1008 3631 1170 3684 latrunculis
1182 3633 1227 3684 uel
1239 3633 1326 3685 hosti·

243 3700 295 3753 bus
313 3703 413 3767 aripuit
430 3705 456 3753 et
472 3701 576 3767 aliquid
593 3716 644 3768 pro
663 3717 695 3754 eo
713 3702 749 3753 ah
763 3703 822 3768 ipso
834 3703 959 3768 accipiat,
979 3702 1046 3752 44333
1058 3702 1168 3752 donatio
1181 3703 1326 3754 inrenooa-

243 3769 307 3823 bilis
319 3774 370 3822 ost:
392 3785 447 3822 non
465 3785 571 3822 meroes
589 3773 682 3823 eximii
699 3771 801 3823 laboris
818 3771 979 3837 appellanda
996 3773 1047 3833 334,
1065 3770 1140 3835 quod
1158 3772 1327 3837 contempla·

243 3841 316 3891 tione
335 3840 430 3892 salutis
449 3844 522 3892 certo
541 3841 623 3892 modo
635 3842 773 3892 aestimari
785 3853 839 3891 333
852 3840 956 3906 placuit
968 3840 1028 3904 4443.
1070 3839 1082 3902 ΙΙ
1122 3841 1327 3906 tcontempla-

242 3909 345 3960 tionem
358 3910 434 3971 44344,
452 3909 681 3976 contemplatione
695 3911 743 3960 ML
761 3921 820 3960 34344
833 3909 893 3973 Dio.
907 3910 946 3971 (o.
960 3910 996 3970 3.)
1032 3908 1043 3971 11
1080 3911 1110 3957 44
1130 3911 1247 3960 mortem
1260 3923 1328 3960 oon·

243 3977 466 4029 sciuitetmanus
474 3979 574 4043 intulit]
588 3979 659 4043 4443,
675 3980 760 4029 433343
773 3980 878 4029 3333443
887 3978 1015 4039 43434444,
1029 3979 1117 4028 morte
1127 3979 1265 4028 consciuit
1274 3979 1303 4029 44
1317 3973 1328 4044 ΙΙ

245 4048 274 4092 44
294 4047 323 4096 ld
335 4047 455 4097 taedium
468 4048 498 4108 4,
518 4048 546 4098 id
558 4048 621 4098 *dio
634 4049 684 4110 444,
704 4047 732 4098 id
745 4047 808 4096 odio
821 4044 872 4108 lib,
891 4046 1003 4097 44334443
1017 4046 1077 4110 Dio.
1117 4047 1128 4110 ΙΙ
1166 4049 1199 4095 ta
1217 4048 1329 4098 admisit

245 4113 316 4178 4443,
330 4115 383 4166 hoc
395 4117 505 4166 admisit
517 4118 615 4167 3344334
643 4117 654 4181 ΙΙ
684 4115 847 4180 ordinariae]
862 4129 927 4166 suae
941 4116 1001 4180 4443.
1054 4157 1058 4164 .
