2926 4888
498 341 584 354 ...-
632 309 689 368 157
734 297 821 354 ς...
986 307 1089 358 Dosith.
1103 307 1197 372 Papin.

112 506 177 574 tur,
197 513 264 576 quo
279 496 415 558 lustrum
431 496 593 559 conditur:
620 499 801 560 existimant
817 499 903 558 enim
918 515 1048 558 censum
1064 496 1201 558 descen-

112 581 190 644 dere
206 581 247 643 ad
264 581 347 644 diem
363 584 454 644 lustri
463 577 474 660 ',
499 602 561 644 non
583 585 718 646 lustrum
734 601 900 644 recurrere
915 581 955 643 ad
971 581 1055 644 diem
1072 601 1196 644 census.

112 667 200 748 quod
212 667 285 729 ideo
297 670 474 749 quaesitum
487 680 545 749 est,
557 671 705 750 quoniam
713 671 901 750 omniaqooe
908 669 941 728 in
953 687 1051 730 censu
1062 678 1200 748 aguntur
1217 690 1220 696 ·

113 754 215 814 lustro
238 753 476 816 confirmantur.
515 755 573 818 sed
595 756 628 816 in
650 755 730 818 urbe
745 757 844 815 Roma
861 764 984 816 tantum
1000 773 1130 816 censum
1146 755 1197 834 agi

112 849 224 902 notum
242 848 306 902 est:
326 843 358 901 in
374 842 547 920 prouinciis
562 850 667 903 autem
680 843 778 922 magis
788 839 1038 920 professionibus
1050 848 1193 901 utuntur.
1217 850 1230 894 5

418 1130 609 1193 PAPlNlANl
631 1131 893 1194 FRAGMENTVM

201 1251 364 1331 Papiniani
380 1251 436 1314 lib.
454 1252 466 1310 Ι
488 1270 711 1332 responsorum
737 1252 759 1332 [l
775 1252 814 1314 de
830 1253 931 1333 pactis
948 1253 1030 1314 inter
1043 1252 1150 1312 uirum
1167 1262 1197 1312 et

110 1336 272 1416 uxoreml.
312 1338 396 1410 inter
417 1338 522 1399 uirum
546 1347 577 1398 et
598 1357 730 1399 uxorem
752 1347 843 1418 pacta
864 1357 927 1398 non
950 1339 1050 1399 solum
1072 1336 1194 1416 uerbis,

110 1421 170 1484 sed
187 1431 219 1484 ct
232 1424 395 1485 uoluntate
412 1424 665 1486 contrahentium
681 1426 925 1502 constituuntur,
944 1434 981 1486 ut
995 1434 1110 1496 neuter
1122 1442 1197 1484 oon-

110 1511 224 1588 iugum
240 1508 292 1570 fiat
307 1510 501 1590 locupletior.
1159 1557 1162 1562 ,
1216 1539 1245 1582 to

243 1635 302 1690 Hoc
319 1636 469 1707 *Papiniani
497 1603 689 1705 fragmentum
719 1634 806 1690 finem
829 1635 894 1690 lacit
917 1635 987 1704 legis
1009 1635 1152 1692 Romanae

156 1720 401 1790 wisigothorum:
428 1719 571 1778 rubricam
594 1723 611 1776 Ι
631 1723 665 1776 de
684 1724 778 1794 poetis
797 1731 852 1777 etc.
878 1721 1076 1790 aWisigothis
1098 1722 1153 1777 ad-

155 1807 261 1863 iectam
276 1822 341 1862 esse
356 1813 467 1876 putem.

119 2123 275 2188 VLPIANl
297 2127 594 2190 INSTITVTIONVM
616 2127 850 2190 FRAGMENTA
872 2127 1184 2192 VINDOBONENSIA

241 2253 351 2322 leiani
367 2254 579 2310 Institutionum
594 2254 769 2324 fragmentis,
788 2269 863 2322 quae
875 2253 904 2308 in
916 2252 1072 2309 Collatione
1084 2262 1113 2310 et
1123 2257 1152 2310 in

153 2339 302 2394 Iustiniani
317 2341 440 2408 Digestis
454 2339 743 2411 Institutionibusque
758 2344 871 2408 extant,
891 2355 965 2395 anno
986 2344 1064 2398 ⁴835
1081 2342 1153 2397 laci-

154 2425 219 2480 niae
236 2426 380 2494 quaedam
395 2423 432 2481 ab
443 2425 616 2482 Endlichero
631 2428 659 2480 in
672 2424 847 2482 bibliotheca
859 2441 992 2481 caesarea
1003 2426 1152 2483 Vindobo-

155 2511 237 2566 nensi
253 2519 386 2581 repertae
402 2518 596 2580 accesserunt,
623 2528 698 2583 quae
715 2512 802 2568 hodie
818 2514 845 2565 in
861 2511 962 2566 eadem
977 2509 1152 2570 bibliotheca

154 2595 302 2667 subsigno
318 2597 389 2653 Cod.
404 2597 465 2652 Lat.
486 2601 495 2652 l
517 2598 718 2654 adseruantur.
751 2599 879 2668 primum
890 2598 967 2653 enim
978 2598 1006 2651 in
1018 2597 1064 2653 his
1084 2599 1152 2655 laci·

153 2683 209 2738 niis
224 2683 348 2739 duorum
364 2683 496 2740 loliorum
513 2685 587 2739 inter
602 2699 634 2739 se
649 2685 864 2741 cohaerentium
879 2697 948 2752 pars
963 2681 1083 2739 inferior
1098 2701 1151 2740 ex-

152 2775 193 2824 tat
210 2771 239 2823 in
255 2775 315 2824 tres
330 2769 483 2825 schedulas
498 2770 631 2836 dissecta,
651 2786 726 2840 quae
742 2775 858 2839 praeter
873 2770 1015 2838 margines
1031 2775 1150 2827 octonos

152 2869 261 2910 uersus
283 2855 399 2911 ultimos
417 2861 556 2926 quattuor
569 2857 737 2928 paginarum
753 2855 881 2911 exhibet.
921 2855 993 2910 hacc
1010 2855 1068 2911 duo
1084 2857 1150 2912 lolia

153 2940 220 2998 olim
237 2956 293 2996 non
310 2945 446 2998 continuo
461 2943 499 2996 ita
515 2943 581 2998 olim
597 2957 627 2997 sc
643 2945 808 3012 excepisse,
828 2950 861 2996 ut
875 2941 1007 2996 intimum
1022 2942 1149 2998 fasciculi

152 3021 207 3096 par¹
222 3025 357 3082 foliorum
373 3027 529 3096 efficerent,
549 3034 651 3098 quarta
666 3029 766 3082 lacinia
782 3027 913 3083 eiusdem
928 3027 1035 3084 codicis
1050 3034 1149 3084 osten-

153 3113 204 3181 dit,
231 3128 306 3183 quae
329 3114 395 3169 olim
412 3114 530 3169 alterius
546 3130 582 3168 ex
598 3111 713 3169 duobus
728 3114 783 3169 illis
798 3113 872 3170 foliis
886 3119 998 3182 partem
1013 3115 1149 3183 superio·
1233 3153 1236 3164 .

151 3215 215 3254 rem
231 3197 390 3255 alliciebat:
417 3216 473 3270 qua
496 3200 596 3255 lacinia
619 3201 671 3255 etsi
692 3200 799 3256 seruati
814 3215 872 3254 non
888 3206 955 3254 sunt
969 3201 1022 3254 nisi
1037 3201 1149 3269 primus

152 3285 213 3341 lolii
230 3286 299 3340 recti
316 3287 442 3357 itemque
458 3288 569 3355 primus
585 3286 645 3341 lolii
659 3288 754 3341 auersi
770 3301 889 3355 uersus,
915 3292 1008 3341 tamen
1024 3303 1148 3358 eaquae

152 3372 182 3426 in
205 3373 267 3441 ipso
291 3373 410 3442 paginae
426 3373 569 3427 secundae
586 3373 664 3428 exitu
680 3371 825 3442 leguntur,
851 3373 892 3428 eis
914 3387 972 3428 non
988 3373 1146 3429 continuari

152 3463 283 3526 apparet,
311 3473 386 3527 quae
408 3459 552 3528 inprime
576 3459 675 3513 tertiae
697 3459 817 3528 paginae
840 3475 928 3513 uersu
956 3453 1048 3534 (nobis
1065 3453 1148 3530 ‘trag-

152 3550 250 3598 mento
266 3535 312 3620 ΙΙΙ)
340 3544 483 3614 leguntur.
524 3545 621 3614 itaque
637 3545 661 3598 si
676 3547 820 3616 integrum
834 3544 964 3601 codicem
979 3547 1148 3614 quaternio-

106 3689 555 3704 thmdevwwwwvawuvwwwx
570 3688 761 3704 xmaeuvusswhwa
768 3693 776 3702 a
784 3691 792 3702 .¹
799 3693 808 3702 ,ι
819 3693 824 3701 ι
835 3693 840 3700 ι
848 3692 965 3704 ΙψΛιυαυυ
971 3692 1127 3704 :mauu-‘vuum
1134 3691 1187 3704 ΛΑΝ

43 3823 47 3832 ,
179 3782 193 3827 t
213 3789 355 3828 recurrere
372 3777 530 3838 Lachmann,
551 3778 696 3828 decurrere
714 3780 812 3828 codices
857 3779 868 3842 11
915 3783 929 3826 3
949 3777 1021 3842 quod
1040 3777 1101 3828 idco
1121 3776 1191 3829 cira

107 3861 183 3897 τουτο
200 3847 228 3908 V,
246 3850 388 3911 propterea
407 3843 447 3896 ὃια
464 3846 576 3898 τουτοδ*
602 3847 626 3910 ΧΙΙ
666 3849 795 3912 quoniam
813 3848 839 3906 V,
859 3847 958 3911 quiaS
998 3847 1009 3910 ΙΙ
1050 3861 1120 3911 quae
1138 3861 1187 3898 om.

4 3955 5 3960 ,
107 3917 208 3965 codices
241 3915 252 3978 ΙΙ
288 3917 315 3964 in
329 3929 441 3965 censum
454 3931 486 3982 τη
500 3929 651 3984 αποτιμησισ
669 3917 696 3978 V,
711 3915 1036 3984 censumnnoupnoers
1076 3915 1087 3978 ΙΙ
1129 3918 1190 3965 lin

4 3999 5 4042 i
108 3982 395 4042 urbemromanorum
413 3985 439 4041 V,
454 3985 481 4032 in
494 3985 605 4034 ciuitate
617 3984 762 4035 romanaS
795 3985 806 4047 n
836 3985 932 4046 ageiV
966 3986 977 4048 ΙΙ
1016 3988 1144 4034 5notum
1161 3986 1187 4044 V,

108 4052 312 4105 declaratumS
341 4054 352 4116 ll
381 4053 516 4116 prouintia
535 4048 564 4103 Vl
593 4054 604 4117 ΙΙ
633 4053 815 4118 professiones
832 4047 863 4103 Vl

181 4125 195 4170 9
214 4136 246 4172 ex
259 4124 356 4172 codices
367 4122 490 4182 plerique,
505 4135 554 4171 om.
570 4124 615 4172 olii
