2922 4898
498 365 585 378 ....
628 332 668 396 35
712 367 798 380 .....
1013 335 1073 400 vtp.
1088 338 1188 386 so-sa

105 518 145 580 ad
161 538 258 599 quem
271 520 338 599 lege
354 518 511 582 hereditas
522 520 717 582 honorumue
733 523 889 602 possessio
904 543 975 586 cum
988 543 1022 586 re
1037 527 1186 606 pertinet,

105 623 213 684 neque
229 604 328 666 irater
343 607 610 686 consanguineus:
636 607 764 687 quodsi
780 628 866 670 soror
888 612 1119 690 consanguinea
1135 612 1184 687 sit,

107 691 146 752 ad
162 701 317 771 utrasque
332 693 493 771 pertinere
511 691 639 756 iubetur
654 694 824 756 hereditas.
935 709 941 718 ·

233 878 324 962 [RVH
367 900 404 941 ult
427 899 609 942 Ltsnurouvn
631 900 867 944 succussiontsvs
890 902 943 943 VEL
967 883 1063 964 nonis]

71 998 82 1057 i
193 999 393 1060 Libertorum
413 1001 632 1062 intestatorum
648 1001 807 1062 hereditas
829 1004 966 1086 primum
981 1001 1022 1064 ad
1043 1023 1116 1065 suos
1132 1005 1190 1066 he·
1207 1017 1222 1063 t

107 1085 201 1148 redes
222 1087 379 1164 pertinet,
404 1085 520 1148 deinde
541 1087 582 1149 ad
602 1107 671 1164 eos,
701 1085 834 1166 quorum
856 1087 964 1150 liberti
987 1098 1078 1168 sunt,
1103 1091 1190 1152 uelut

68 1173 87 1232 2
106 1181 275 1252 patronum
291 1180 453 1252 patronam
476 1171 635 1234 liberosue
651 1173 785 1254 patroni.
822 1175 854 1236 Si
870 1174 910 1235 sit
924 1184 1075 1256 patronus
1098 1184 1129 1238 et
1144 1177 1190 1239 al-⁴

106 1259 206 1320 terius
228 1258 352 1336 patroni
376 1257 474 1335 tilius,
499 1257 539 1319 ad
555 1258 655 1320 solum
671 1267 835 1337 patronum
857 1260 1015 1323 hereditas
1036 1262 1186 1342 pertinet.

9 1353 10 1362 ¹
28 1343 45 1403 3
70 1345 86 1403 i
107 1346 184 1404 item
207 1345 332 1424 patroni
356 1343 438 1405 filius
453 1347 578 1424 patroni
601 1343 770 1425 nepotibus
786 1344 898 1407 obstat.
930 1345 979 1408 Ad
1000 1346 1116 1408 liberos
1132 1366 1190 1427 pa-

9 1487 10 1490 ,
106 1440 271 1490 tronorum
287 1429 448 1490 hereditas
464 1429 605 1492 defuncti
621 1433 825 1511 pertinetem,
846 1433 930 1494 utin
947 1433 1060 1512 capita,
1078 1435 1189 1494 nonin
1209 1444 1239 1489 tt

106 1517 222 1596 stirpes
238 1513 411 1577 diuidatur.

69 1601 87 1660 5
194 1603 366 1681 Legitimae
379 1601 565 1663 hereditatis
577 1603 637 1679 ius,
657 1601 741 1681 quod
754 1604 875 1682 exlege
887 1602 1052 1665 duodecim
1065 1604 1190 1666 tabula-

107 1706 179 1749 rum
196 1686 372 1764 descendit,
391 1688 503 1767 capitis
519 1688 693 1749 minutione
710 1689 876 1766 amittitur.

363 1875 463 1956 [xxvrn
505 1895 543 1936 nn
567 1894 800 1938 rosssssrorurvs
820 1876 937 1956 nonnis]

9 2005 11 2074 1
71 1996 83 2054 i
194 1997 352 2056 Bonorum
374 1997 526 2074 possessio
548 1994 642 2057 datur
663 2006 716 2058 aut
738 2005 845 2058 eontra
866 1996 990 2058 tabulas
1010 2000 1190 2061 testamenti
1209 2010 1240 2056 ta

9 2075 11 2126 i
106 2090 162 2143 aut
176 2081 342 2142 secundum
356 2080 479 2142 tabulas
494 2089 550 2143 out
565 2083 714 2143 intestati.

9 2173 11 2222 ς
69 2168 87 2228 2
197 2167 310 2227 Contra
332 2166 456 2228 tabulas
478 2166 632 2229 bonorum
658 2170 813 2247 possessio
836 2167 929 2229 datur
949 2168 1060 2230 liberis
1083 2188 1192 2231 eman-

9 2309 10 2326 1
107 2254 220 2333 cipatis
244 2261 432 2314 testamento
446 2255 642 2332 praeteritis,
661 2256 733 2315 lic-et
750 2255 892 2334 legitimo
913 2273 975 2316 nou
991 2255 1032 2317 ad
1048 2275 1100 2318 eos
1115 2276 1192 2336 per-

9 2331 11 2446 1
70 2339 86 2398 3
107 2341 207 2401 tineat
229 2338 399 2400 hereditas.
439 2341 596 2401 Bonorum
621 2343 775 2417 possessio
798 2350 905 2401 eontra
931 2340 1055 2403 tabulas
1081 2340 1192 2403 liberis

9 2459 11 2502 1
106 2436 171 2487 tam
187 2423 385 2486 naturalibus
408 2444 501 2505 quam
517 2425 674 2506 adoptiuis
693 2425 802 2487 datur:
829 2425 887 2504 sed
908 2426 1105 2489 naturalibus
1120 2431 1193 2508 qui-
1210 2440 1241 2485 at

9 2513 11 2592 ξ
107 2512 181 2572 dem
205 2511 426 2591 emancipatis,
452 2531 513 2572 nou
536 2520 641 2576 tamen
657 2521 689 2589 et
704 2511 766 2573 illis
781 2513 836 2592 qui
856 2513 889 2572 in
904 2511 1054 2593 adoptiua
1075 2513 1191 2575 familia

108 2608 202 2674 sunt,
235 2595 393 2676 adoptiuis
415 2607 519 2658 autem
543 2599 592 2658 his
615 2607 737 2658 tantum
758 2599 814 2677 qui
836 2599 869 2658 iu
891 2608 1044 2676 potestate
1066 2619 1193 2661 manse-

9 2675 11 2746 ἶ
33 2707 40 2712 ’
72 2685 88 2742 i
108 2693 194 2746 runt.
221 2684 434 2762 Emancipatis
449 2684 558 2744 liberis
574 2703 614 2744 ex
629 2683 730 2745 edicto
746 2683 840 2746 datur
854 2683 1007 2746 bonorum
1022 2687 1189 2764 possessio,

107 2771 135 2830 si
151 2770 255 2849 parati
270 2777 344 2830 sunt
359 2788 471 2830 cauere
484 2768 642 2850 fratribus
658 2770 739 2846 suis,
765 2771 821 2849 qui
837 2771 869 2830 in
891 2779 1046 2849 potestate
1067 2789 1192 2832 manse-

107 2865 194 2934 runt‚
214 2854 298 2915 bona
313 2873 393 2934 quae
410 2855 562 2917 moriente
578 2865 667 2935 patre
682 2854 863 2917 habuerunt
879 2875 911 2916 se
928 2855 1103 2916 collaturos
1209 2867 1241 2911 se

9 2963 10 2970 ¹
72 2939 89 2998 5
196 2940 380 3001 Secundum
395 2940 518 3001 tabulas
540 2940 694 3003 honorum
710 2942 864 3021 possessio
881 2940 973 3001 datur
993 2941 1118 3021 scriptis
1134 2942 1192 3002 he-

9 3057 10 3094 3
108 3025 260 3102 redibus,
285 3028 404 3087 scilicet
426 3029 452 3088 si
473 3047 599 3106 eorum,
623 3026 741 3107 quibus
757 3037 863 3087 contra
885 3024 1008 3088 tabulas
1031 3028 1189 3106 competit,

9 3157 10 3190 3
72 3113 89 3170 e
108 3132 208 3174 nemo·
224 3113 280 3191 sit,
305 3122 359 3173 aut
375 3122 485 3192 petere
500 3114 611 3174 nolint.
637 3114 752 3180 ¹Etiam
768 3114 795 3172 si
812 3113 879 3173 iure
902 3112 988 3173 ciuili
1010 3131 1073 3174 non
1090 3114 1194 3175 ualeat
1245 3135 1249 3144 ’

107 3207 347 3274 testamentum,
373 3199 451 3260 forte
473 3198 557 3278 quod
574 3198 709 3260 familiae
725 3199 913 3278 mancipatio
934 3199 986 3259 uel
1001 3201 1193 3280 nuncupatio

9 3293 10 3358 ]
109 3284 224 3363 definit,
244 3286 269 3345 si
285 3285 442 3364 signatum
458 3294 683 3347 testamentum
705 3286 745 3346 sit
761 3303 824 3345 nou
840 3285 945 3345 minus
961 3304 1056 3367 quam
1072 3296 1192 3367 septem
1212 3297 1243 3342 to

108 3372 239 3431 testium
255 3371 373 3431 ciuium
388 3371 597 3432 Romanorum
613 3372 728 3450 signis,
747 3370 899 3431 bonorum
914 3373 1069 3451 possessio
1086 3370 1190 3434 datur.

9 3491 11 3512 J
72 3456 89 3515 7
196 3457 339 3518 Intestoti
361 3455 455 3517 datur
477 3456 630 3518 bonorum
657 3458 810 3535 possessio
833 3477 890 3536 per
910 3467 1030 3538 septem
1055 3458 1189 3537 gradus:

109 3544 213 3624 primo
226 3542 328 3622 gradu
342 3542 469 3603 liberis:
489 3543 627 3604 secundo
639 3543 789 3622 legitimis
801 3542 991 3604 heredibus:
1011 3545 1103 3604 tertio
1119 3562 1194 3624 pro-

9 3699 10 3704 1
108 3631 203 3690 nimis
219 3630 374 3708 cognatis:
395 3639 505 3708 quarto
518 3628 655 3689 familiae
667 3630 809 3709 patroni:
828 3631 929 3708 quinto
945 3640 1074 3710 patrono
1086 3639 1197 3708 patro:

110 3783 479 3798 ΑΜΛΛΛΛΛΛΛΛΛΛΛΝνννκΛΛΛ]

9 3907 10 3928 p
178 3868 335 3932 tlegemt‘
368 3868 379 3930 11
416 3868 592 3932 8patrumC
626 3868 637 3931 11
675 3872 705 3916 to
726 3868 911 3930 itaut]autt'
944 3868 955 3930 11
991 3871 1018 3916 tt
1042 3865 1159 3930 stirpeC
1185 3863 1196 3931 11

9 3935 10 3960 ³
109 3937 317 3999 ttsecundum]
333 3937 465 3988 aduersus
482 3938 509 3995 0,
524 3938 557 3999 es.
571 3951 598 3986 u.
614 3941 645 3985 io*
659 3943 720 3998 etp.
737 3941 779 3997 23,
795 3941 826 3985 28
852 3937 862 3999 11
883 3935 1033 3986 automt'
1061 3935 1072 3998 11
1103 3939 1133 3984 18
1154 3935 1194 3986 le·

9 4063 10 4066 1
107 4008 201 4070 gitimo
219 4007 248 4067 C,
269 4006 387 4068 legitimo
401 4007 458 4056 iure
471 4007 620 4056 Lachmann
649 4006 660 4069 11
692 4009 720 4054 ut
741 4004 900 4070 patribusC
929 4004 939 4066 11
970 4008 1001 4052 28
1020 4003 1158 4054 nollentC
1185 4001 1195 4070 11

109 4081 140 4124 ²9
153 4079 317 4125 testamento
333 4074 352 4125 G
374 4074 386 4137 11
411 4079 441 4124 at
455 4073 574 4124 defuisse
587 4075 639 4124 0²?
663 4075 673 4138 11
703 4079 734 4124 st
749 4075 838 4124 intesti
854 4073 873 4124 C
897 4074 908 4136 11
933 4077 963 4122 33
978 4072 1163 4124 secundumC
1185 4071 1195 4138 11

9 4151 10 4160 ’
109 4147 140 4192 at
154 4146 250 4208 quinto
267 4143 394 4202 Cutaetus,
410 4156 459 4193 ont.
478 4144 497 4194 0

951 4226 989 4274 3*
