2926 4888
275 355 349 406 Paul.
363 355 397 417 ll,
414 356 513 404 at-st
665 387 750 398 ...-
795 355 835 414 74
879 387 964 400 ...-

274 543 345 604 cilla
361 543 538 624 pepererit,
557 541 692 603 liberum
708 544 809 622 parit:
835 542 938 608 media
955 542 1039 602 enim
1061 550 1203 620 tempora
1220 539 1360 602 libertati

237 632 254 690 l
274 627 436 709 prodesse,
454 647 514 689 noe
530 647 644 690 nocere
659 637 799 708 possunt.
833 629 881 689 Ex
895 647 932 690 ea
948 627 1079 690 muliere
1095 635 1203 704 natm,
1223 645 1303 706 quae
1320 646 1363 688 ex

275 732 369 778 causa
386 712 618 776 fideicommissi
639 714 820 776 manumitti
843 712 970 792 debuit,
994 715 1105 794 sipost
1126 731 1245 774 moram
1261 711 1362 773 liber-

236 801 330 861 btati
353 798 464 862 laetam
487 811 648 878 nascatur,
675 801 833 880 ingenuus
848 800 999 861 nascitur.
1040 800 1072 861 Si
1089 799 1203 861 mulier
1223 798 1361 860 diuortio

275 885 354 947 iacto
364 886 534 967 grauidam
550 905 584 948 se
600 886 693 966 sciat,
712 887 796 948 intra
811 886 1029 948 tricensimum
1045 883 1130 947 diem
1144 884 1215 946 uiro
1231 883 1361 946 denun-
1378 895 1392 941 a

274 974 352 1034 tiare
375 971 473 1034 debet
492 972 546 1034 uel
567 972 650 1051 patri
666 973 752 1050 eius,
775 981 812 1034 ut
826 971 866 1034 ed
882 981 1027 1034 uentrem
1050 969 1286 1052 inspiciendum
1301 969 1360 1030 ob-

274 1057 531 1138 seruandumque
543 1056 691 1120 custodes
703 1059 846 1119 mittant:
863 1059 939 1137 '‘quo
950 1058 1064 1120 omisso
1075 1065 1200 1138 partum
1213 1057 1361 1118 mulieris

237 1146 254 1203 6
273 1143 449 1210 omnimodo
466 1153 622 1224 coguntur
637 1163 818 1224 agnoscere.
858 1145 892 1205 Si
913 1153 1141 1224 praegnantem
1157 1161 1191 1204 se
1207 1161 1273 1204 esse
1289 1161 1362 1204 mu·

273 1229 332 1292 lier
352 1249 415 1292 non
438 1227 678 1292 denuntiauerit
699 1229 752 1292 uel
775 1228 921 1294 custodes
943 1230 1066 1292 uentris
1087 1230 1199 1291 missos
1213 1247 1278 1290 non
1303 1227 1361 1290 ad-

274 1317 406 1394 miserit,
423 1315 559 1378 liberum
576 1325 623 1378 est
637 1316 719 1397 patri
734 1316 787 1377 uel
805 1335 864 1377 auo
879 1326 987 1378 natum
1003 1334 1066 1378 non
1082 1316 1176 1377 alere.
1217 1324 1359 1376 ceterum
1379 1325 1406 1370 to

274 1402 474 1484 neglegentia
496 1403 624 1481 matris,
649 1420 711 1482 quo
727 1402 833 1464 minus
849 1420 926 1464 suus
947 1403 1029 1483 patri
1051 1401 1144 1463 heres
1165 1401 1222 1480 sit,
1246 1399 1359 1462 obesse

237 1489 254 1548 7
274 1507 336 1548 non
353 1487 458 1550 debet.
492 1489 524 1549 Si
540 1488 655 1550 mulier
670 1507 703 1549 se
720 1508 760 1549 ex
773 1488 843 1550 uiro
859 1497 1085 1568 praegnantem
1100 1495 1206 1568 neget,
1225 1487 1360 1566 permit-

237 1575 254 1634 8
274 1575 352 1636 titur
367 1575 477 1636 marito
492 1583 638 1636 uentrem
654 1575 812 1654 inspicere
824 1582 855 1636 et
869 1575 976 1636 uentri
992 1572 1137 1635 custodes
1153 1571 1242 1634 dare.
1273 1574 1360 1634 Ven-

273 1669 323 1721 ter
338 1661 507 1741 inspicitur
520 1680 579 1741 per
594 1661 736 1741 quinque
758 1659 953 1739 obstetrices,
978 1669 1010 1722 et
1025 1658 1111 1740 quod
1132 1659 1271 1720 maxima
1286 1677 1360 1739 pars

237 1748 254 1806 9
274 1765 381 1808 earum
396 1745 648 1824 denuntiauerit,
671 1765 729 1827 pro
745 1765 821 1808 uero
837 1745 983 1808 habetur.
1022 1745 1252 1824 Obstetricem,
1277 1763 1359 1824 quae
1379 1755 1408 1801 te

273 1842 398 1914 partum
420 1832 559 1894 alienum
575 1833 696 1909 attulit,
723 1841 759 1894 nt
773 1833 909 1913 supponi
929 1833 1045 1912 possit,
1065 1850 1186 1893 summo
1202 1831 1359 1912 supplicio

216 1920 253 1979 l0
274 1917 364 1980 adfici
387 1919 515 1998 placuit.
560 1920 697 1983 *Neoare
721 1917 851 1980 uidetur
872 1937 934 1980 non
956 1926 1078 1980 tantum
1102 1919 1129 1978 is
1152 1917 1208 1997 qui
1231 1927 1359 1997 partum

272 2001 465 2083 *praelocat,
491 2003 548 2066 sed
564 2015 593 2066 et
610 2005 636 2066 is
652 2005 707 2084 qui
723 2003 820 2066 abicit
836 2005 937 2084 etqui
960 2004 1106 2066 alimonia
1126 2003 1263 2082 denegat
1286 2003 1359 2064 etis

272 2091 347 2169 *qui
367 2085 504 2235 puplicis
523 2090 601 2153 locis
623 2089 859 2152 misericordiae
882 2109 976 2152 causa
999 2089 1138 2170 exponit,
1167 2108 1264 2169 quam
1291 2090 1359 2169 ipse

273 2178 355 2236 *non
371 2176 410 2238 ha
435 2177 498 2237 et*
1378 2185 1407 2231 so

760 2364 865 2446 l¹¹¹v⁴l

238 2485 249 2543 l
359 2483 536 2565 *Adoptare
560 2486 632 2564 quis
653 2485 777 2566 nepotis
793 2486 859 2547 loco
874 2494 994 2566 potest,
1022 2484 1158 2546 etiamsi
1180 2484 1281 2546 filium
1297 2501 1361 2544 non

236 2569 397 2634 amanet.
446 2572 544 2650 Eum,
574 2590 667 2651 quem
690 2572 762 2650 quis
788 2570 968 2652 adoptauit,
997 2571 1228 2649 emancipatum
1251 2569 1305 2632 uel
1326 2569 1359 2629 in

273 2655 490 2736 *adoptionem
507 2656 616 2724 datum
631 2659 746 2742 iterum
762 2677 825 2719 non
841 2666 944 2737 potest
959 2654 1141 2736 adoptare*

412 2845 477 2928 [xxv
522 2864 740 2920 ornnrnnonur
764 2864 832 2907 suu
856 2863 900 2907 svr
922 2863 996 2909 rvris
1019 2825 1218 2925 nrrm'rrurm]
1364 2855 1408 2910 ⁴ts

238 2969 250 3027 t
361 2968 451 3030 Pater
472 2967 512 3030 ab
535 2965 677 3029 hostibus
701 2976 813 3047 eaptus
833 2965 952 3028 desinit
975 2964 1092 3027 habere
1115 2965 1195 3027 filios
1210 2964 1245 3024 in
1269 2975 1362 3044 pote-

273 3063 372 3116 state:
398 3053 589 3132 postliminio
612 3071 763 3114 reuersus
785 3061 847 3114 tam
870 3052 950 3114 lilios
970 3071 1066 3132 quam
1087 3053 1191 3112 omnia
1213 3051 1264 3112 sui
1281 3052 1362 3112 iuris

274 3139 306 3199 in
322 3148 507 3219 potestatem
524 3140 653 3219 recipit,
678 3140 755 3200 acsi
772 3156 943 3217 numquam
961 3137 1001 3200 ab
1017 3135 1161 3198 hostibus
1176 3146 1291 3216 captus
1305 3137 1359 3198 sit.

236 3225 254 3285 2
274 3225 423 3303 Singulae
440 3226 686 3303 mancipationes
700 3225 753 3286 uel
776 3222 878 3285 isdem
893 3224 945 3284 uel
962 3224 1032 3286 aliis
1047 3221 1183 3284 testibus
1199 3223 1268 3284 fieri
1285 3241 1363 3302 pos·

235 3311 252 3370 3
274 3319 364 3384 sunt,
390 3310 442 3370 uel
467 3308 577 3371 eodem
599 3309 651 3378 die
673 3311 725 3372 uel
749 3311 927 3371 intermisso
947 3321 1099 3390 tempore.
1140 3309 1361 3389 Emancipatio
1379 3319 1408 3365 at

334 3484 339 3491 ι
344 3481 363 3491 w&
368 3484 370 3491 r
375 3481 402 3491 xlxi
407 3483 415 3491 κ.
421 3481 432 3491 x.
439 3479 1070 3494 »fifhxlx!RNWV*JVVWAIVWVWVVWWWWW‘VWVNJV
1076 3481 1091 3492 a*
1109 3482 1125 3492 lx
1130 3480 1261 3492 erVVVVXA
1266 3481 1286 3492 m
1291 3481 1359 3493 ’Μ

342 3569 385 3625 ot,
402 3570 431 3628 to
446 3586 477 3608 ε·-
492 3565 550 3628 usq.
567 3569 608 3627 aa,
624 3569 678 3626 at
708 3566 719 3630 11
749 3570 799 3617 eu
813 3567 918 3631 emp.
935 3570 959 3628 t,
975 3569 1000 3630 7,
1015 3569 1046 3616 or

276 3707 289 3715 ιι
299 3701 1064 3716 νκΛΛΙνννννννννυνννννννγνννννννννννννννωΝννννννυ
1069 3705 1079 3714 u
1087 3702 1098 3714 α
1109 3703 1154 3714 wrm
1168 3704 1176 3714 a
1190 3693 1344 3716 muxlvvv‘uam
1350 3707 1359 3715 u

342 3827 357 3874 ἱ
376 3837 431 3874 non
444 3825 546 3886 scripsi,
567 3836 620 3873 non
639 3825 712 3873 enim
731 3825 829 3874 codices
863 3824 874 3887 ll
910 3827 923 3873 3
944 3825 966 3873 si
984 3827 1046 3889 post
1063 3837 1099 3873 m.
1120 3822 1239 3874 libertati
1256 3823 1359 3875 lactem

276 3893 406 3953 Celerius,
421 3893 443 3943 si
455 3906 506 3958 per
518 3905 554 3942 m.
570 3891 701 3942 libertatis
713 3890 782 3942 lecta
795 3894 824 3952 L,
840 3893 862 3942 si
875 3907 911 3941 m.
928 3892 1045 3942 libertati
1058 3891 1155 3942 factam
1169 3893 1199 3942 M
1225 3891 1237 3956 ΙΙ
1267 3897 1360 3958 'lquo

273 3964 375 4014 omisso
388 3963 460 4021 dett„
481 3963 583 4011 omisso
597 3961 654 4021 Ml,
674 3961 775 4026 quibus
787 3962 878 4011 missis
891 3960 1032 4012 sichardus
1045 3966 1148 4010 secutus
1159 3962 1361 4023 Interpretatu-

272 4045 339 4091 nem,
354 4033 399 4081 sed
410 4036 501 4081 eontra
515 4030 573 4094 Dia.
590 4033 631 4089 25,
647 4033 672 4090 ³,
689 4035 712 4091 t,
728 4034 755 4079 tt
781 4030 795 4093 ΙΙ
819 4033 832 4080 8
853 4029 1019 4080 omnimodis
1030 4031 1127 4080 codices
1150 4029 1162 4092 ΙΙ
1185 4031 1287 4081 mulier
1298 4045 1360 4082 esse

272 4101 370 4151 codices
402 4099 413 4162 ΙΙ
451 4104 476 4148 tt
500 4111 566 4149 suus
579 4097 730 4160 sichardus,
751 4113 800 4150 sno
813 4100 911 4149 codices
939 4099 950 4160 ll
981 4101 1012 4147 48
1030 4097 1187 4164 perfocatF
1214 4099 1225 4162 {l
1256 4103 1289 4149 2⁶
1308 4101 1361 4151 de-

272 4171 337 4219 sinit
349 4170 421 4227 dett..
435 4160 541 4218 desinet
554 4165 625 4227 libb,
640 4167 752 4218 deseret
762 4169 805 4218 vll*
834 4169 844 4230 ΙΙ
874 4170 906 4216 29
926 4165 1027 4231 finem.
1044 4168 1073 4218 Μ
