2926 4888
476 380 561 394 --
607 351 665 412 111
711 383 797 396 --·
984 352 1056 402 Paul.
1073 353 1104 412 V,
1120 353 1173 400 at

12 527 13 532 ¹
88 536 276 600 incendium
300 538 458 618 inferunt,
484 557 606 601 summo
627 539 782 620 supplicio
801 537 1003 601 adficiuntur.
1050 539 1134 620 quod
1150 543 1177 601 si

87 644 150 706 per
163 626 320 686 incuriam
336 626 418 706 ignis
434 627 588 703 euaserit‚
613 625 703 706 dupli
724 625 908 705 compendio
925 625 1075 688 damnum
1092 628 1179 688 eius-

90 710 179 772 modi
194 713 308 772 sarcirt'
320 713 450 790 placuit.

500 915 540 1000 [ir
582 937 619 978 nn
643 917 771 999 intrans]

179 1037 330 1099 Iniuriam
346 1037 484 1116 patimur
494 1047 549 1100 aut
563 1039 595 1098 iu
611 1057 726 1118 corpus
737 1046 790 1100 aut
806 1047 895 1100 extra
909 1057 1039 1118 corpus:
1059 1039 1091 1100 in
1107 1057 1179 1100 cor·
1196 1053 1210 1099 o

89 1141 154 1203 pus
168 1121 363 1186 uerberibus
384 1134 415 1185 et
431 1124 568 1186 illatione
591 1126 710 1204 stupri,
738 1135 827 1186 extra
843 1143 957 1204 corpus
978 1125 1130 1200 conuiciis
1146 1134 1178 1186 et

89 1210 221 1271 famosis
236 1207 367 1286 libeliis,
392 1208 478 1288 quod
498 1229 538 1271 ex
558 1208 687 1272 adfectu
708 1211 958 1290 uniuscuiusque
981 1211 1131 1291 patientis
1147 1220 1179 1272 et

12 1319 13 1356 1
53 1293 71 1354 2
90 1295 240 1358 lactentis
261 1297 455 1368 aestimatur.
502 1297 650 1358 Furiosus
672 1298 811 1376 itemque
833 1295 938 1358 inians
966 1295 1093 1358 adiectu
1115 1296 1178 1357 doli

12 1363 14 1426 1
90 1391 124 1443 et
136 1390 239 1462 captu
253 1381 461 1444 contumeliae
484 1392 608 1444 carent:
635 1381 751 1443 idcireo
766 1383 951 1446 iniuriarum
967 1383 1017 1463 agi
1036 1401 1108 1444 cum
1129 1384 1179 1444 his

53 1466 70 1526 3
90 1487 157 1528 non
179 1475 294 1548 potest.
342 1468 374 1528 si
395 1466 505 1529 liberis
528 1468 583 1548 qui
606 1470 638 1528 iu
661 1469 916 1548 potestate‘sunt
935 1479 989 1530 aut
1012 1470 1103 1530 uxori
1126 1468 1178 1530 fiat
1198 1482 1227 1527 to

89 1554 230 1630 iniuria,
256 1561 362 1614 nostra
377 1553 509 1616 interest
524 1554 705 1616 uindicare:
730 1553 867 1634 ideoque
889 1574 947 1634 per
961 1573 1018 1616 nos
1032 1555 1112 1616 actio
1128 1556 1179 1615 in-

12 1635 14 1726 1
91 1641 173 1702 lerri
184 1648 298 1719 potest,
317 1640 344 1700 si
356 1639 447 1701 modo
462 1642 490 1702 is
501 1642 558 1720 qui
574 1639 647 1702 lecit
659 1641 691 1700 in
703 1641 851 1702 iniuriam
862 1649 1001 1702 nostram
1017 1639 1051 1702 id
1066 1639 1178 1703 iecisse

12 1737 14 1808 t
54 1726 71 1784 l
91 1726 259 1789 doceatur.
294 1724 421 1805 Corpori
439 1726 554 1788 iniuria
571 1724 724 1805 infertur,
749 1745 821 1787 cum
837 1726 910 1807 quis
925 1727 1071 1806 pulsatur
1085 1727 1177 1788 cuiue

12 1809 14 1892 1
91 1823 244 1892 stuprum
260 1810 396 1873 infertur
411 1821 465 1875 aut
480 1811 519 1874 de
535 1821 643 1892 stupro
659 1813 889 1892 interpellatur.
923 1831 1004 1892 quae
1021 1831 1072 1876 res
1087 1821 1179 1874 extra

12 1927 14 2024 1
92 1897 241 1959 ordinem
256 1896 448 1976 uindicatur,
466 1899 509 1959 ita
523 1908 559 1960 ut
573 1899 709 1978 pulsatio
720 1897 851 1978 pudoris
866 1917 967 1978 poena
978 1900 1090 1978 capitis
1104 1899 1180 1960 uin·
1199 1912 1229 1958 ⁴5

12 2025 14 2058 ‚
55 1982 72 2041 5
93 1983 234 2046 dicetur.
281 1983 503 2046 Sollicitatores
523 1984 701 2046 alienarum
716 1985 900 2065 nuptiarum
914 1985 1055 2064 itemque
1071 1985 1180 2048 matri-

12 2061 14 2152 1
93 2070 275 2131 moniorum
291 2070 543 2150 interpellatores
558 2079 590 2132 et
604 2072 631 2132 si
644 2071 760 2132 ellectu
774 2071 903 2132 sceleris
919 2071 1013 2150 potiri
1030 2089 1092 2132 non
1107 2089 1182 2148 pos-

12 2153 14 2254 1
93 2158 172 2231 sint,
190 2165 320 2235 propter
335 2155 531 2219 uoluntatem
546 2158 741 2236 perniciosae
763 2156 907 2219 libidinis
923 2166 1014 2218 extra
1036 2156 1179 2218 ordinem

12 2269 14 2316 t
57 2242 286 2322 tpuniuntur.
338 2241 526 2304 Iniuriarum
549 2243 628 2304 actio
651 2252 706 2304 aut
726 2243 873 2322 legeaut
898 2261 985 2304 more
1008 2252 1062 2304 aut
1085 2245 1197 2319 mixto,

12 2333 14 2414 1
94 2330 167 2390 iure
183 2326 359 2390 introducta
374 2336 432 2390 est.
457 2328 528 2408 lege
545 2327 710 2390 duodecim
725 2328 905 2391 tabularum
921 2328 961 2391 de
973 2327 1099 2390 famosis
1112 2347 1181 2390 oar·
1200 2342 1230 2386 eo

12 2429 14 2458 l
57 2412 249 2492 'lminibus²
276 2413 426 2475 membris
449 2414 552 2494 ruptis
576 2422 607 2475 et
629 2413 753 2476 ossibus
768 2414 886 2478 fractis.
925 2415 1076 2493 Moribus,
1102 2433 1182 2495 quo-

12 2465 15 2536 1
93 2502 182 2562 tiens
193 2499 310 2562 lactum
322 2519 379 2580 pro
391 2501 541 2579 qualitate
554 2501 604 2562 sui
619 2500 749 2562 arbitrio
761 2500 877 2563 iudicis
892 2503 1086 2578 aestimatur,
1106 2521 1178 2562 con-

58 2587 75 2646 8
95 2589 243 2666 grucntis
257 2605 378 2666 poenae
394 2586 550 2666 supplicio
566 2586 758 2649 uindicatur.
805 2589 900 2648 Mixto
915 2589 984 2649 iure
1000 2589 1080 2648 actio
1096 2588 1181 2648 iniu-
1240 2581 1242 2586 ’

94 2675 217 2733 riarum
231 2690 272 2733 ex
287 2671 355 2752 lege
371 2672 515 2734 Cornelia
530 2673 747 2751 constituitur,
772 2674 919 2753 quotiens
934 2674 1007 2752 quis
1023 2673 1176 2753 pulsatur,
1239 2684 1242 2694 ‘

13 2785 15 2862 1
94 2759 151 2820 uel
168 2759 259 2820 euius
275 2756 387 2820 domus
398 2758 545 2819 introitur
567 2757 608 2818 ab
623 2758 690 2836 his,
710 2760 764 2839 qui
780 2759 875 2839 uulgo
891 2757 1052 2820 directarii
1068 2759 1181 2839 appel·
1198 2773 1230 2818 so

13 2863 14 2876 ¹
94 2845 215 2905 lentur.
263 2844 296 2904 in
317 2862 396 2925 quos
418 2854 508 2906 extra
523 2843 667 2905 ordinem
683 2843 964 2922 animaduertitur,
983 2846 1026 2904 ita
1041 2854 1076 2905 ut
1091 2846 1180 2924 prius

13 2877 18 3000 1
93 2929 275 3010 ingruentis
292 2929 456 2992 consilium
473 2949 530 3010 pro
543 2929 635 2992 modo
650 2939 843 2992 commentae
860 2929 980 2992 fraudis
991 2949 1093 3011 poena
1108 2931 1182 2991 uin-

13 3027 15 3094 1
59 3017 76 3076 9
95 3015 225 3078 dicetur
246 3015 334 3076 exilii
349 3026 403 3078 aut
419 3016 536 3078 mctalli
552 3024 607 3077 aut
629 3017 733 3096 operis
748 3016 882 3097 publici.
928 3016 1119 3078 Iniuriarum
1135 3017 1181 3077 ci-

13 3099 16 3160 l
93 3103 208 3164 uiliter
223 3101 389 3163 damnatus
405 3105 539 3182 eiusque
562 3103 810 3164 aestimationem
826 3101 943 3164 inferre
959 3103 1063 3164 iussus
1079 3101 1182 3163 lamo-

42 3188 75 3247 to
96 3207 152 3251 sus
170 3186 325 3250 efficitur..
362 3186 460 3250 Atrox
480 3189 597 3250 iniuria
617 3191 802 3250 aestimatur
816 3199 871 3250 aut
891 3189 957 3249 loco
972 3197 1026 3250 aut
1041 3198 1181 3268 tempore
1200 3187 1230 3248 o'o

96 3359 1072 3374 mmmmm
1076 3360 1180 3374 WXMM

169 3449 193 3508 t,
210 3445 343 3510 5=nrn
359 3447 399 3508 tr,
416 3449 482 3507 rr‚r
496 3460 540 3509 pr.

67 3582 70 3587 ¹
97 3583 149 3597 WV*
160 3581 360 3596 ΑΛΛΛΜΛΜΛΛΛΛ
662 3583 767 3596 ΑΛΛΛΛἾΙ*
772 3581 1181 3597 mmmm*

169 3688 246 3750 iper
258 3686 391 3735 incuriam
404 3684 433 3745 t,
449 3686 555 3736 incuria
567 3698 662 3735 eorum
676 3687 705 3736 u
731 3685 742 3749 11
771 3686 848 3750 dupli
860 3688 896 3746 il,
911 3686 1027 3752 duplot
1057 3686 1068 3749 11
1098 3690 1183 3737 asar-

97 3755 219 3806 cirellt
259 3753 270 3817 11
312 3755 507 3812 tetll‚autt
546 3754 556 3817 11
595 3755 951 3819 ttperll,pleniusport
992 3754 1003 3817 11
1045 3757 1179 3805 tiinom.

97 3827 197 3874 codices
226 3822 237 3886 11
268 3826 298 3871 43
318 3826 398 3873 cuiue
415 3822 544 3884 Gotocios,
558 3825 766 3887 cuiquecodices
794 3823 806 3888 11
836 3827 866 3872 44
886 3827 933 3874 aut
944 3823 981 3876 de.
991 3827 1085 3888 stupro
1098 3825 1184 3874 inter-

96 3893 217 3958 pelletur
227 3892 339 3954 fortusse
351 3905 385 3942 eor
398 3889 450 3955 144
466 3893 554 3942 addito
565 3896 627 3941 suot
660 3893 671 3956 11
710 3896 741 3940 tt
761 3893 865 3956 possint
877 3893 907 3953 t,
921 3893 1006 3956 possit
1018 3894 1054 3951 M,
1068 3897 1184 3956 possunt

98 3963 160 4024 Dia.
204 3959 215 4023 11
257 3964 287 4008 ii
302 3960 484 4024 congruentis]
498 3963 546 4010 aut
559 3973 652 4024 congr.
666 3961 784 4010 Huschke
823 3961 834 4024 11
875 3960 1027 4023 cadomus]
1042 3961 1183 4011 domusui

98 4030 234 4079 Boeotico:
257 4032 381 4080 uidentur
398 4033 484 4079 tomen
498 4031 579 4091 plora
596 4035 642 4080 out
659 4031 777 4079 hocloco
794 4035 841 4080 aot
854 4033 914 4092 post
931 4031 1059 4080 introitur
1075 4033 1185 4080 interci-

98 4101 168 4148 dtsse
196 4097 207 4160 11
237 4102 269 4147 26
283 4100 359 4163 prius
372 4099 528 4161 ingruentes
541 4099 581 4148 ll:
594 4097 663 4148 iuris
675 4099 809 4148 inruentis
820 4113 871 4148 scr.
887 4100 1015 4160 (similiter
1028 4099 1155 4159 llorotltc)
1173 4096 1183 4164 11

100 4171 130 4216 tt
152 4171 323 4217 commentae
336 4169 409 4227 dett,
423 4169 561 4217 conmenti
574 4167 610 4226 Μ,
626 4168 811 4218 committente
823 4168 843 4218 t
