2926 4888
291 327 365 378 Paul.
381 327 457 388 111‚o
683 361 768 374 ...-
812 327 853 390 90
897 361 982 374 ..-

232 517 272 576 56
288 526 379 597 parte
398 517 429 578 in
450 514 674 578 uenationibus
695 518 854 578 consistat.
901 519 1048 595 Fructus,
1073 518 1128 598 qui
1145 517 1209 579 solo
1226 519 1380 580 cohaere-

290 601 367 665 bant
381 603 491 664 mortis
507 603 666 664 testatoris
680 611 831 684 tempore,
848 601 889 664 ad
903 603 1088 683 legatarium
1105 605 1283 685 pertinent:
1303 614 1380 667 ante

232 689 272 748 tt
291 689 434 770 percepti
448 687 490 750 ad
512 687 676 750 heredem.
715 687 825 751 Funde
839 688 942 768 legato
963 708 1035 750 cum
1051 690 1218 768 mancipiis
1236 699 1269 752 et
1283 709 1379 771 peco-

292 773 383 837 ribus
398 783 429 836 et
450 776 535 836 omni
551 775 761 836 instrumento
783 776 900 837 rustico
916 783 947 837 et
969 774 1091 838 urbano
1105 776 1268 856 peculium
1291 785 1380 840 aeto-

290 863 336 923 ris
351 870 423 922 ante
444 869 626 924 testatorem
641 860 793 940 defuncti,
811 861 839 922 si
854 880 894 922 ex
909 859 1019 923 eodem
1036 860 1133 924 lundo
1148 861 1258 941 luerit,
1276 865 1378 942 magis
1398 875 1412 921 5
1455 889 1456 894 1

232 945 271 1004 l8
291 948 393 1024 placet
414 945 455 1008 ad
483 947 669 1027 legatarium
692 946 864 1028 pertinere.
910 945 1004 1008 Actor
1025 948 1079 1010 uel
1100 948 1229 1010 colonus
1253 967 1295 1010 ex
1315 950 1377 1010 alio

291 1032 390 1094 lundo
405 1034 438 1095 in
454 1032 565 1094 eodem
580 1034 785 1112 constitutuS,
804 1033 859 1112 qui
875 1051 947 1094 cum
963 1035 1048 1094 omni
1064 1035 1275 1096 instrumento
1291 1035 1378 1115 lega-

291 1128 342 1181 tus
357 1127 442 1197 erat,
466 1117 507 1180 ad
522 1119 710 1198 legatarium
732 1137 795 1180 non
819 1119 973 1200 pertinet,
999 1121 1061 1180 nisi
1081 1139 1154 1182 eum
1176 1120 1217 1182 ad
1232 1122 1285 1182 ius
1308 1122 1377 1182 eius

232 1203 270 1262 tt
291 1204 382 1267 lundi
404 1213 534 1266 testator
548 1204 685 1267 uoluerit
698 1205 867 1285 pertinere.
914 1203 1160 1285 Adiunctiones,
1180 1225 1262 1286 quas
1278 1205 1376 1268 lundc

290 1293 391 1371 legato
406 1299 538 1352 testator
561 1309 601 1351 ex
615 1289 754 1352 diuersis
769 1289 982 1371 emptionibus
996 1292 1228 1371 applicauerat,
1255 1293 1376 1373 legata-
1397 1304 1426 1348 to

232 1375 339 1438 bitrio
360 1375 474 1438 cedere
496 1376 626 1456 placuit.
678 1377 832 1438 lnstmcto
854 1375 985 1456 praedio
1006 1380 1108 1456 legato
1131 1376 1212 1440 labri
1234 1378 1372 1457 ferrarii,
1454 1405 1456 1458 ,

291 1464 367 1524 item
383 1463 521 1542 tignarii,
541 1471 701 1540 putatores
716 1472 748 1524 el
763 1464 818 1542 qui
835 1462 1012 1524 instruendi
1029 1462 1119 1526 tundi
1136 1464 1238 1544 gratia
1255 1463 1375 1526 ibidem

231 1545 266 1604 55
290 1547 506 1627 morabantur,
525 1550 625 1628 legato
641 1547 768 1610 cedunt.
805 1549 958 1610 Instructo
972 1549 1070 1610 lundo
1085 1549 1187 1630 legato
1203 1549 1281 1610 libri
1298 1570 1377 1631 quo-

289 1654 353 1716 que
366 1643 398 1696 et
407 1633 615 1696 bibliothecae
627 1652 709 1714 quae
726 1637 759 1696 in
771 1634 881 1696 eodem
894 1633 993 1696 londo
1007 1645 1081 1696 sunt
1092 1636 1193 1715 legato
1207 1637 1377 1698 continen-

231 1717 352 1808 tatur.
392 1723 509 1783 Seruos
525 1719 675 1784 studendi
690 1722 790 1801 gratia
805 1739 845 1781 ex
866 1719 976 1782 eodem
993 1720 1106 1801 fundo,
1125 1723 1270 1802 quicum
1286 1741 1377 1784 man·
1397 1733 1427 1780 tt

290 1808 380 1887 cipiis
403 1805 507 1869 fuerat
534 1807 670 1887 legatus,
703 1807 764 1868 alic
790 1807 958 1868 translatos
979 1806 1019 1868 ad
1047 1807 1232 1887 legatarium
1256 1809 1378 1888 placuit

231 1889 269 1950 53
289 1894 463 1973 pertinere.
509 1891 617 1954 Funde
633 1895 676 1954 ita
689 1901 726 1954 ut
738 1891 922 1972 possederat
943 1893 1044 1973 legato
1059 1895 1216 1973 mancipia
1239 1903 1307 1956 tam
1321 1914 1378 1956 ur·

290 1979 371 2040 bana
387 1997 481 2058 quam
499 1979 626 2057 rustica,
644 1981 785 2058 itemque
799 1988 966 2058 argeutum
982 1989 1014 2040 et
1028 1989 1144 2059 uestes,
1164 1998 1247 2060 quae
1263 1980 1376 2042 eodem

290 2075 432 2145 tempore
449 2065 481 2126 in
499 2063 596 2126 lundo
608 2064 926 2154 comprehendentur,
943 2064 984 2126 ad
995 2065 1180 2145 legatarium
1195 2068 1373 2146 pertinent.

231 2147 270 2207 tt
290 2151 459 2229 Pascualia,
478 2168 560 2230 quae
576 2160 683 2230 postea
695 2159 870 2231 comparata
884 2149 924 2211 ad
941 2150 1074 2213 lundum
1090 2152 1228 2232 legatum
1243 2161 1378 2214 testator
1395 2163 1426 2209 to

290 2235 495 2314 adiunxerat,
514 2237 541 2298 si
558 2239 627 2298 eius
641 2237 850 2316 appellatione
867 2238 1105 2316 contineantur,
1129 2236 1170 2299 ad
1185 2237 1375 2317 legatarium

231 2318 270 2377 55
289 2324 462 2402 pertinent.
501 2321 663 2402 Quidquid
679 2324 712 2383 in
728 2323 838 2384 eadem
854 2322 955 2400 domo,
975 2341 1069 2402 quam
1085 2324 1273 2385 instructam
1288 2324 1377 2405 lega-

289 2409 338 2469 uit
359 2417 450 2487 pater
473 2406 623 2486 familias,
652 2418 807 2489 perpetuo
834 2408 1011 2470 instruendi
1039 2411 1139 2490 gratia
1166 2408 1297 2486 habuit,
1328 2411 1377 2471 le-

232 2491 270 2550 56
290 2495 407 2573 gatario
436 2491 531 2555 cedit.
578 2495 731 2556 Instructo
752 2493 843 2556 domo
863 2495 964 2574 legata
980 2513 1017 2556 ea
1039 2495 1140 2575 legato
1155 2497 1372 2574 continentur,

290 2579 408 2660 quibus
420 2578 532 2641 domus
545 2581 697 2642 munitior
710 2582 762 2642 uel
777 2589 843 2642 tuta
855 2580 896 2641 ab
912 2580 1058 2642 incendio
1068 2591 1262 2661 praestatur:
1282 2592 1377 2662 tegu-
1395 2594 1427 2641 to

290 2667 339 2728 lae
354 2667 530 2746 specularia
547 2677 578 2727 et
602 2667 672 2728 uela
687 2669 788 2748 legato
810 2665 1073 2728 continebuntur:
1100 2668 1176 2730 item
1190 2677 1377 2730 aeramenta

289 2753 363 2815 lecti
385 2753 518 2814 culcitae
547 2753 671 2832 puluini
700 2751 851 2815 subsellia
880 2752 1050 2814 cathedrae
1080 2773 1209 2815 mensae
1238 2755 1377 2816 armaria

288 2838 455 2919 delphicae
484 2839 595 2918 pelues
623 2840 759 2900 conchae
789 2839 997 2918 aquimanalla
1020 2838 1209 2901 candelabra
1224 2840 1376 2902 lucernae

230 2921 270 2982 57
290 2934 322 2986 et
342 2925 456 2986 similia
477 2943 677 3005 quacumque
700 2925 832 2986 materia
854 2943 1016 3004 expressa.
1061 2927 1158 2986 Domo
1179 2926 1284 3006 legata
1305 2925 1377 2988 bal·

290 3027 387 3072 neum
403 3012 487 3090 eius,
508 3010 593 3090 quod
606 3009 734 3092 publice
746 3009 938 3090 praebetur,
956 3012 1017 3072 nisi
1033 3012 1110 3074 alias
1124 3021 1307 3092 separetur,
1328 3012 1376 3073 le·
1395 3024 1426 3070 ao

230 3092 271 3152 58
290 3106 360 3176 gato
375 3096 470 3158 cedit.
516 3098 612 3158 Domo
633 3098 804 3158 cumomni
825 3098 894 3158 iure
911 3115 967 3159 auo
982 3100 1064 3159 sicut
1083 3099 1239 3160 instructa
1261 3109 1312 3160 est
1326 3099 1375 3160 le-

290 3191 360 3262 gata
382 3181 504 3243 urbana
526 3181 660 3260 familia,
686 3183 762 3244 item
784 3183 921 3244 artifices
944 3193 976 3245 et
996 3184 1139 3244 uestiarii
1162 3193 1194 3245 et
1216 3185 1329 3246 zetarii
1344 3195 1376 3245 et

227 3263 269 3323 59
288 3268 410 3346 aquarii
435 3266 545 3330 itidem
571 3269 677 3330 domui
704 3269 882 3330 seruientes
910 3269 1011 3349 legato
1037 3263 1165 3331 cedunt'.
1215 3269 1376 3332 Omnibus

289 3353 420 3432 quaein
443 3351 535 3414 domo
556 3363 631 3415 sunt
651 3355 763 3434 legatis
785 3355 945 3417 cautiones
967 3354 1148 3418 debitorum
1168 3357 1374 3438 rationesque

292 3574 504 3588 murmavvkuumv
518 3575 727 3590 mmmmmvvuvv
732 3577 1375 3593 mmmmvwwmmvmwnmvmmm

359 3728 527 3789 tlundold,
548 3730 633 3780 om.L
673 3729 685 3793 ΙΙ
726 3732 866 3796 leodem]
887 3745 982 3783 ecscr.
1025 3733 1036 3796 ll
1085 3736 1116 3782 ta
1134 3735 1162 3782 et
1173 3736 1315 3798 putatores
1326 3737 1374 3798 qui

289 3799 406 3850 llasebltc
435 3800 446 3862 ΙΙ
477 3803 507 3848 to
526 3799 672 3858 semusti,
687 3801 800 3851 seruoL
830 3802 841 3864 ΙΙ
872 3807 902 3851 to
921 3801 1068 3852 translatus
1080 3798 1144 3852 MLb
1172 3803 1183 3864 u
1224 3806 1256 3852 t8
1275 3817 1375 3866 argen-

288 3873 346 3918 tum
359 3868 389 3928 L,
409 3868 547 3932 agrumld
574 3868 585 3931 ΙΙ
615 3871 646 3917 50
665 3870 853 3932 pascualiall,
873 3865 1052 3934 pascuariaL
1082 3871 1093 3934 ΙΙ
1122 3874 1154 3920 tt
1174 3872 1329 3922 instruendi
1343 3873 1373 3936 L,

289 3938 441 3988 instruendi
455 3938 525 3988 seli
553 3936 565 4000 ll
594 3941 625 3986 57
645 3937 960 4003 puluinill,puluineL
990 3938 1002 4002 ΙΙ
1030 3943 1063 3989 58
1083 3940 1205 3990 conchae
1217 3942 1375 4001 dett.‚con-

288 4019 354 4056 caea
367 4006 395 4065 L,
416 4020 464 4056 orn.
481 4007 525 4056 55
549 4006 560 4069 n
600 4007 784 4070 aquimanalla
802 4009 875 4066 dett,
895 4009 1080 4072 aquimanulia
1093 4010 1130 4068 Μ,
1150 4009 1329 4073 aquaminilia
1342 4012 1372 4071 5,

288 4075 540 4137 aquiminaliaottt:
559 4075 796 4137 cs.Mommseaod
812 4076 927 4140 iltuto,
944 4081 1067 4139 luitpr.
1110 4078 1122 4140 u
1163 4082 1193 4127 tt
1216 4079 1375 4130 ceduntco-

288 4145 355 4192 dices
378 4143 389 4205 ΙΙ
413 4146 445 4192 35
458 4145 561 4194 ostiarii
574 4143 695 4195 Cutoetos
724 4146 735 4208 ΙΙ
765 4148 795 4194 53
810 4145 904 4195 itidem
916 4148 1018 4208 scripu,
1033 4149 1060 4196 et
1071 4145 1144 4196 idem
1158 4147 1195 4208 Μ,
1211 4148 1373 4200 eteldemL
