2926 4888
491 345 577 358 ..μ
624 313 680 374 121
727 347 813 358 ...-
1025 313 1099 364 Paul.
1114 313 1147 374 V,
1163 316 1193 402 tt

62 501 82 560 3
104 501 233 564 *ficiose
255 521 349 583 agere
364 501 447 563 circa
470 499 612 564 defuncti
635 499 808 563 uindictam
831 498 1012 562 conuenit*
1055 502 1088 563 Si
1104 510 1195 582 pater

105 589 163 650 uel
178 587 327 650 dominus
350 587 382 648 id
403 597 644 664 testamentum,
672 605 735 667 quo
750 587 834 649 filius
851 588 919 648 eius
941 587 995 648 uel
1011 606 1122 649 seruus
1138 588 1195 650 he-

106 673 205 736 redes
227 674 366 736 instituti
387 682 461 736 sunt
482 682 536 734 aut
559 673 697 752 legatum
719 681 927 754 acceperunt,
952 672 1065 735 falsum
1085 673 1196 756 redar7

64 759 83 818 t
106 769 210 841 guent
224 779 284 821 nec
299 759 472 838 obtineant,
492 759 566 820 lisco
581 759 668 820 locus
682 767 742 820 est.
780 759 884 820 Aetati
900 760 979 837 eius,
999 760 1054 839 qui
1070 769 1196 821 accusat
1254 762 1256 768 '

106 855 351 923 testamentum,
378 847 405 908 si
422 864 483 907 non
505 843 661 923 obtineat,
681 845 823 906 succurri
846 845 925 906 solct
941 845 972 905 in
996 844 1028 905 id
1050 844 1136 924 quod
1151 847 1193 906 ita
1214 856 1228 902 5

105 933 233 994 amisit:
252 934 388 993 maxime
404 933 431 992 si
447 932 559 992 tutoris
574 940 629 992 aut
643 933 796 992 curatoris
811 931 941 992 consilio
956 932 1037 992 actio
1050 932 1194 993 instituta

51 1017 87 1076 t⁸
106 1020 162 1079 sit.
209 1017 327 1078 *Minor
342 1018 455 1098 uiginti
470 1019 612 1097 quinque
634 1018 726 1078 annis
741 1018 887 1078 omissam
903 1017 1121 1097 allegationem
1136 1037 1195 1096 per

65 1102 85 1160 5
105 1103 161 1165 *in
178 1104 341 1182 integrum
363 1103 569 1164 restitutionis
590 1102 742 1165 auxilium
760 1113 906 1183 repetere
928 1101 1063 1183 potest*
1106 1104 1141 1164 ln
1158 1122 1194 1164 ea

105 1191 286 1270 prouincia,
306 1207 346 1250 ex
361 1208 424 1269 qua
439 1190 512 1268 quis
526 1189 682 1268 originem
697 1188 794 1267 ducit,
813 1187 951 1250 officium
968 1188 1072 1250 fiscale
1088 1188 1195 1250 admi-

106 1278 245 1338 nistrare
266 1275 468 1356 prohibetur,
493 1294 533 1336 ne
555 1284 609 1336 aut
632 1276 787 1354 gratiosus
808 1283 861 1336 aut
882 1275 1093 1336 calumniosus
1108 1275 1193 1355 apud
1213 1285 1243 1330 ⁴0

66 1360 86 1419 c
106 1381 185 1424 suos
201 1381 271 1423 esse
286 1361 445 1423 uideatur.
477 1361 628 1434 Quotiens
644 1362 713 1422 sine
729 1363 913 1422 auctoritate
930 1360 1059 1422 iudicati
1074 1359 1195 1423 officia-

105 1447 157 1508 les
172 1447 307 1509 alicuius
327 1446 409 1508 bona
431 1456 584 1527 occupant
605 1447 659 1507 uel
681 1445 867 1508 describunt
886 1447 939 1508 uel
960 1447 1021 1509 sub
1042 1446 1195 1510 obserua-

106 1535 197 1596 tione
213 1552 282 1594 esse
305 1532 440 1612 faciunt,
465 1531 549 1594 adito
571 1542 774 1613 procuratore
797 1533 912 1594 iniuria
933 1531 1141 1595 submouetur
1163 1542 1194 1595 et

106 1619 158 1680 rei
175 1619 271 1681 liuius
292 1629 437 1681 auctores
452 1616 491 1680 ad
507 1619 683 1699 praefectos
704 1620 860 1699 praetorio
882 1617 1039 1698 puniendi
1061 1620 1194 1682 mittun-

67 1702 87 1764 7
106 1715 174 1767 tur.
221 1706 320 1766 Litem
342 1707 375 1766 in
390 1706 563 1785 perniciem
584 1707 780 1785 priuatorum
796 1705 870 1769 fisco
891 1704 1001 1767 donari
1022 1723 1085 1766 non
1100 1723 1194 1785 opor·
1209 1713 1243 1760 '⁴5

68 1791 87 1849 8
106 1800 156 1853 tet
171 1809 231 1852 nec
246 1790 286 1852 ab
302 1790 412 1856 eodem
436 1789 581 1853 donatam
602 1791 730 1871 suscipi.
777 1791 999 1871 Imperatorem
1019 1790 1085 1852 litis
1099 1810 1193 1852 causa

105 1875 262 1938 heredem
284 1877 409 1939 institui
423 1876 624 1938 ‘inuidiosum
640 1885 704 1938 est:
730 1896 788 1938 nec
810 1877 893 1937 enim
917 1877 1133 1950 calumniandi
1147 1875 1193 1938 fa-

68 1963 87 2021 9
107 1963 261 2025 cultatem
277 1981 317 2025 cx
331 1963 499 2043 principali
522 1964 684 2024 maiestate
700 1963 769 2041 capi
784 1971 916 2042 oportet.
962 1963 1010 2024 Ex
1025 1961 1111 2024 nuda
1125 1956 1195 2043 pol-

106 2049 281 2112 licitatione
296 2049 384 2110 nulla
399 2050 478 2110 actio
492 2049 650 2110 nascitur:
669 2047 804 2128 ideoque
820 2049 889 2110 eius
904 2048 996 2126 bona,
1015 2050 1071 2130 qui
1086 2067 1119 2111 se
1135 2049 1194 2114 he-

106 2133 221 2196 redem
232 2137 454 2215 imperatorem
470 2134 626 2196 facturum
638 2153 707 2196 esse
724 2135 905 2214 iactauerat,
923 2153 941 2196 a
958 2134 1031 2196 fisco
1046 2137 1194 2215 occupari
1211 2144 1243 2190 to

56 2221 90 2280 9²
106 2240 174 2282 nou
196 2231 341 2301 possunt.
393 2220 460 2281 *Ex
481 2219 667 2301 imperfecto
689 2229 876 2282 testamento
892 2222 999 2301 *legata
1026 2221 1079 2283 uel
1101 2219 1194 2282 fidei-

105 2305 294 2368 *commissa
313 2307 536 2386 imperatorem
558 2305 722 2368 uindicare
744 2307 996 2369 inuerecundum
1012 2315 1074 2368 est:
1102 2306 1194 2369 decet

105 2393 213 2456 *enim
228 2401 334 2454 tantae
349 2394 505 2468 maiestati
521 2411 574 2454 eas
590 2411 718 2454 seruare
734 2393 836 2472 leges,
856 2392 972 2474 quibus
989 2395 1057 2474 ipse
1073 2393 1193 2454 solutus

55 2471 89 2536 9¹³
106 2479 199 2542 *esse
214 2478 353 2541 uidetur.
401 2477 491 2551 Quod
507 2480 534 2540 si
550 2497 585 2540 ea
601 2477 701 2558 bona,
728 2478 901 2559 exquibus
918 2481 1087 2558 imperator
1101 2480 1192 2540 heres

105 2563 294 2628 *institutus
309 2575 367 2644 est,
386 2563 537 2627 soluendo
552 2583 613 2626 non
627 2566 700 2641 sint,
719 2584 753 2626 re
769 2573 933 2645 perspecta
945 2567 1118 2626 consulitur
1133 2566 1194 2633 im-
1212 2573 1243 2619 25

104 2649 270 2732 *peratorz
294 2650 422 2713 heredis
437 2652 522 2713 enim
538 2651 674 2712 instituti
690 2651 722 2711 in
738 2650 894 2713 adeundis
914 2652 969 2712 uel
984 2649 1192 2731 repudiandis

51 2736 86 2796 tt
104 2736 308 2810 *huiusmodi
329 2736 562 2799 hereditatibus
583 2736 729 2798 uoluntas
751 2735 944 2817 exploranda
967 2734 1048 2798 cst*
1088 2737 1193 2798 Priui-

106 2824 228 2904 lcgium
250 2823 316 2884 fisci
339 2831 388 2884 est
409 2823 493 2884 inter
512 2841 619 2884 omncs
635 2822 806 2884 creditores
828 2824 967 2902 primum
989 2823 1093 2884 locum
1113 2823 1193 2884 reti-

11 2905 13 2914 “
50 2908 82 2968 tt
106 2929 198 2972 nere.
246 2910 444 2989 Quicumque
466 2909 572 2970 afisco
594 2908 795 2986 conuenitur,
821 2927 884 2969 non
901 2927 942 2970 ex
958 2907 1118 2984 indiceet
1134 2927 1193 2968 ex-

11 3019 12 3024 *
107 2996 214 3076 cmplo
225 2996 361 3058 alicuius
373 2997 559 3075 scripturae,
573 2993 682 3056 sodex
693 2994 872 3073 authentico
883 2993 1187 3072 conueniendusest,
1210 3004 1241 3049 ³0

107 3093 140 3143 et
152 3083 208 3161 ita,
223 3083 250 3143 si
263 3065 439 3143 contractfis
452 3080 531 3142 fides
542 3081 641 3160 possit
652 3080 793 3142 ostendi:
813 3089 954 3142 ceterum
968 3080 1190 3142 calumniosam

106 3169 300 3248 scripturam
322 3168 387 3229 uim
402 3169 503 3228 iustae
517 3167 680 3247 petitionis
700 3167 733 3228 in
750 3165 866 3229 iudicio
880 3165 1023 3228 obtinere
1038 3184 1101 3228 non
1117 3185 1193 3228 con-

52 3252 210 3316 inuenit.
257 3255 333 3316 Eius
348 3252 444 3332 bona,
470 3254 525 3333 qui
540 3248 649 3314 falsam
666 3261 821 3314 monetam
845 3253 1041 3333 percussisse
1063 3252 1188 3332 dicitur,

1040 3425 1188 3440 ΑΛΛΛΛΛιᾹΛα

180 3496 221 3553 ⁴2,
237 3495 266 3542 aa
278 3513 310 3536 =
324 3493 383 3556 Dtp.
400 3493 424 3553 i,
441 3493 464 3553 l,
479 3496 521 3553 36,
535 3475 831 3555 qnaercctina'fortassc
842 3495 915 3543 titulo
928 3497 952 3553 5,
968 3496 1000 3542 ta
1012 3495 1160 3543 restituitur
1182 3491 1191 3542 ll

108 3561 445 3626 camarensem
492 3561 503 3625 u
551 3562 1143 3626 ta‚enceac.·teerus=nt9.ss,aar
1182 3558 1192 3626 Η

108 3631 418 3749 {chamaeactes
455 3629 466 3692 tt
502 3626 835 3694 ta,eb=ntp.t‚tc,s
874 3631 884 3694 ιι
924 3630 1189 3694 castaneam,

126 3739 133 3762 ἲ

111 3929 116 3940 ·’
178 3919 625 3984 sanciacodtccsratttcnmde
638 3921 845 3973 lisciaduocato
858 3923 977 3970 inser-’ant
1009 3919 1020 3982 11
1059 3923 1091 3969 tt
1109 3935 1190 3985 prae-

106 3989 178 4042 fecto
192 3991 229 4053 tt,
243 3990 429 4056 praefectust
458 3989 469 4054 11
501 3995 531 4039 to
550 3991 650 4042 donata
662 3992 760 4041 codices
788 3990 800 4054 ΙΙ
830 3993 860 4039 tr
880 4002 931 4039 nec
944 3989 1082 4040 calumnia
1096 3991 1155 4053 uta.
1180 3989 1191 4053 ll

109 4063 140 4109 tc
160 4062 285 4123 imperat.
300 4058 361 4110 lact.
376 4059 504 4110 heredem
518 4061 577 4122 Dtp.
609 4059 620 4123 ΙΙ
651 4063 677 4108 at
699 4060 774 4110 etita
788 4059 847 4122 Dtp.
863 4059 1002 4108 secundina
1016 4058 1138 4120 Graecos,
1153 4059 1190 4108 ita

109 4129 169 4193 Βία,
186 4129 214 4188 F,
228 4131 255 4178 et
267 4131 365 4179 codices
382 4129 518 4192 Wisipotti
546 4129 557 4192 ΙΙ
587 4133 619 4177 ³2
638 4130 725 4179 iustae
736 4132 790 4194 pet.
805 4141 855 4178 otu.
870 4127 928 4191 Dic.
